3140 5212
368 643 508 692 ennom
530 641 879 706 scrutinentur,
906 644 981 690 run.
1012 647 1046 690 α.
1151 620 1216 692 115

337 889 509 957 ΒΑΝΕι
543 887 729 954 REGEM
760 887 1118 998 PET1ERUNT²3

229 1101 385 1168 Acunum
411 1123 488 1166 cum
508 1096 667 1166 florerent
685 1096 788 1190 eequis
806 1094 955 1190 legibus,

228 1225 354 1292 Procax
382 1220 517 1290 libertas
538 1221 705 1289 civitatem
730 1220 889 1306 miscuit,

228 1349 437 1440 Frenumque
462 1343 560 1412 solvit
588 1343 767 1437 pristinum
788 1342 931 1414 licentia.

227 1458 315 1536 Hic3
340 1467 539 1561 conspiratis
558 1466 740 1536 factionum
766 1466 937 1560 partibus,

227 1592 346 1660 Arcem
373 1605 534 1684 tyrannus
553 1605 695 1683 occupat
716 1590 917 1660 Pisistratus.

228 1717 314 1784 Cum
334 1716 461 1784 tristem
483 1717 673 1786 servitutem
692 1715 811 1785 flerent
832 1717 954 1802 Attici,

227 1842 303 1911 Non
324 1840 402 1934 quia
423 1838 565 1910 crudelis
585 1838 658 1927 ille,
681 1839 915 1934 sedquoniam
934 1838 1073 1934 gravist

227 1964 377 2032 Omnino
394 1964 531 2032 insuetis
549 1952 663 2032 onus⁵
681 1978 731 2032 est
752 1978 786 2032 et
800 1958 816 2006 ⁶
832 1963 1007 2057 coepissent
1024 1963 1117 2057 queri
1131 1973 1168 2048 7,

227 2091 369 2181 AEsopus
390 2086 488 2156 talem
508 2102 580 2156 tum
599 2085 753 2156 fabellam
772 2085 899 2156 retulit.

275 2209 379 2274 Ranae
397 2221 554 2300 vagantes
571 2204 684 2274 liberis
703 2204 883 2299 paludibus

228 2327 385 2399 Clamore
405 2353 528 2423 magno
548 2352 660 2422 regem
679 2320 817 2422 petere⁸
836 2353 856 2398 a
876 2333 980 2418 Jove,

227 2451 296 2538 Qui
318 2448 495 2519 dissolutos
514 2474 625 2518 mores
643 2457 706 2518 ut9
725 2464 959 2544 compesceret.

228 2575 327 2643 Pater
344 2575 494 2642 Deorum
513 2572 605 2659 risit,
627 2586 727 2666 atque
746 2571 812 2641 illis
834 2572 926 2642 dedit

264 2774 286 2804 1.
302 2755 357 2816 Sic,
371 2771 414 2822 pro
429 2759 512 2804 Rana.
528 2783 561 2792 —
573 2771 595 2803 o.
613 2753 740 2805 Editores:
754 2765 869 2822 petentes.

262 2865 287 2914 3.
303 2865 360 2912 Haec
369 2877 415 2911 vox
427 2861 504 2928 prime
514 2875 586 2910 manu
599 2860 685 2927 scripte
697 2868 747 2921 est,
762 2875 841 2927 neque
851 2860 914 2912 inter
925 2877 1006 2914 versus
1016 2861 1121 2930 adjecto,
1140 2879 1220 2932 neque

230 2959 256 3008 in
269 2955 392 3022 margine,
406 2952 609 3021 quemadmodum
620 2969 646 3004 se
656 2952 774 3003 invenisse
787 2952 820 3003 eit
832 2953 952 3005 Heinsius.

263 3073 287 3120 t.
302 3067 377 3113 Recte
389 3059 511 3111 Pithoeus:
522 3075 604 3127 moe,
706 3081 713 3106 ·.

263 3165 287 3213 t.
300 3166 357 3214 Non
369 3178 440 3211 sonus
452 3179 461 3209 .·
475 3176 529 3226 que
541 3160 611 3210 lectio
625 3159 651 3208 in
662 3158 739 3210 codd.
750 3163 820 3210 Mss.
833 3169 934 3212 testante
945 3161 1044 3222 cutio,
1057 3171 1157 3214 atcerte
1169 3181 1217 3213 non

230 3259 256 3306 in
266 3255 363 3321 Quodiee
380 3251 573 3302 Rosanbooiano.
593 3253 712 3301 Ceterum
722 3252 822 3317 porteris
837 3252 951 3302 momenti
963 3262 999 3302 est
1018 3252 1043 3302 in
1053 3253 1130 3304 Codd.
1149 3254 1220 3320 hujus

230 3347 305 3398 aetatis
317 3344 439 3396 distinctio
452 3360 545 3393 vocum.

263 3443 288 3490 6.
303 3439 425 3489 Primum:
441 3453 500 3485 onus
514 3454 545 3493 c;
563 3434 651 3485 deinde
668 3443 818 3485 correctum:
835 3452 894 3484 onus
913 3446 950 3484 est
964 3446 1003 3494 ce,
1025 3435 1087 3486 linea
1105 3436 1217 3503 imposito

232 3534 257 3583 in
269 3551 294 3590 e,
310 3539 337 3580 ut
346 3528 451 3581 librariis
464 3544 515 3577 mos
526 3536 576 3587 eet,
589 3527 725 3592 adjectaque
738 3541 796 3576 noce
810 3536 839 3576 et.
856 3526 962 3576 Pithoeus
972 3526 1061 3578 omittit
1075 3537 1116 3576 est.
1132 3531 1219 3579 Totum

231 3624 308 3674 locum
320 3618 514 3672 inemendatum
525 3634 540 3668 a
556 3620 696 3667 Burmanno
707 3617 799 3684 recepit
812 3616 926 3668 Schwabe
945 3621 976 3668 V.
993 3618 1037 3668 Cl:

364 3715 421 3761 Non
437 3711 494 3781 quia
506 3708 607 3759 crudeles
617 3709 657 3760 ille
664 3729 675 3770 ,·
689 3708 733 3759 scd
746 3711 856 3779 quoniam
866 3728 941 3779 grave

364 3809 439 3855 Omne
456 3803 549 3854 insuetis
565 3820 638 3861 onus,
656 3813 681 3852 ct
695 3803 816 3873 captorem
829 3805 903 3874 queri.

267 3929 289 3972 7.
305 3908 385 3958 himo
397 3905 491 3955 sotum:
506 3920 571 3973 quer,
587 3902 674 3954 deinde
688 3904 837 3956 correctione
851 3903 968 3971 adjectum
980 3905 996 3955 ἱ.

268 4009 291 4056 8,
307 4004 353 4055 Sic
364 4007 447 4052 Postea
462 4008 595 4050 correctum
606 4015 612 4049 ι
623 4000 720 4067 petiere.
740 4029 772 4038 -
790 4018 815 4064 9.
833 4001 906 4050 Recte
917 3999 1022 4050 Pithoeus
1035 4017 1041 4049 ε
1056 4001 1088 4049 oi.
