3144 5218
341 671 495 720 *annunt
513 672 730 722 ranunanmr
750 674 816 725 un.
834 675 892 737 111,
911 675 987 722 rus.
1009 651 1062 723 16.
1155 651 1219 747 187

439 903 642 977 CICADA
675 910 739 977 ET
770 908 1014 978 NOCTUA.

233 1107 468 1176 Hunsnrrrrt
493 1108 604 1201 quise
626 1133 695 1179 non
715 1115 923 1180 accomodat

233 1225 433 1324 Plerumque
456 1254 570 1325 poenas
591 1232 721 1326 oppetit
742 1231 916 1327 superbiae.

280 1352 404 1423 Cicada
421 1353 600 1425 acerbum*
621 1357 761 1428 Noctuee
778 1356 967 1427 convicium
1163 1351 1220 1408 *4³

232 1476 409 1564 Faciebat,
431 1476 536 1548 solitae
556 1479 681 1550 victum
700 1482 735 1550 in
754 1481 900 1550 tenebris
918 1504 1086 1574 quaerere,

231 1599 390 1693 Cavoque
408 1624 501 1670 ramo
520 1625 636 1696 capere
653 1627 808 1672 somnum
827 1602 984 1672 interdiu.

232 1723 363 1816 Rogata
381 1737 431 1792 est
448 1737 485 1792 ut
502 1737 635 1796 taceret.
659 1723 771 1796 Multo
789 1724 930 1794 validius

232 1843 385 1915 Clamare
403 1847 515 1942 coepit.
541 1852 670 1919 Rursus
690 1849 825 1918 admota
846 1873 967 1944 prece3

230 1971 378 2038 Accensa
396 1970 501 2065 magis
519 1985 578 2040 est.
597 1973 732 2042 Noctua
750 1986 788 2041 nt
808 1971 893 2041 vidit
913 1971 975 2040 sibi

229 2089 368 2160 Nullum
387 2114 458 2162 csse
476 2092 637 2163 auxilium
659 2109 692 2163 et
713 2095 814 2164 verba
836 2094 1006 2164 contemni
1024 2119 1105 2179 sua,

230 2218 301 2282 Hac
322 2229 373 2300 est
390 2214 545 2310 adgressa
567 2217 737 2312 garrulam
758 2216 910 2287 fallatia¹
931 2244 939 2285 :

234 2336 390 2404 Dormire
413 2339 492 2429 quia
513 2349 662 2407 menon
683 2340 797 2407 sinunt
814 2353 933 2408 cantus
953 2341 1026 2423 tui,

230 2437 1032 2555 fflmmmmmffls

229 2585 347 2652 Potare
363 2598 413 2652 est
429 2583 561 2654 anintus
579 2599 693 2654 nectar
714 2585 805 2678 quod
823 2582 932 2654 Pallas
954 2583 1037 2652 mihi

229 2707 346 2799 Nuper
367 2705 505 2806 donavit
524 2732 542 2774 :-
555 2709 581 2776 si
601 2730 669 2776 non
693 2707 838 2789 fastidis,
859 2707 952 2793 veni;
1009 2765 1013 2771 .

229 2830 306 2896 Una
323 2829 486 2899 bibamus.
511 2828 571 2900 Illa
590 2855 664 2924 quae
682 2830 819 2899 ardebat
838 2832 917 2916 siti,

228 2950 334 3021 Simul
355 2954 515 3048 coguovit
539 2978 653 3023 vocem
678 2953 807 3023 laudari
837 2979 949 3039 suam,

228 3075 359 3168 Cupide
380 3076 556 3147 advolavit.
582 3080 714 3148 Noctua
734 3103 865 3173 egressa
887 3105 968 3148 cavo
982 3075 1021 3162 ³,

227 3198 492 3292 Trepidantem⁴
513 3214 705 3272 consectata
723 3217 791 3287 est,
814 3216 846 3270 et
871 3200 937 3271 leto
959 3200 1060 3270 dedit.

229 3322 284 3390 Sic
303 3320 378 3390 viva
401 3321 493 3416 quod
513 3339 651 3418 negarat
671 3323 792 3392 tribuit
813 3339 958 3393 mortua.

268 3557 288 3589 1.
305 3540 352 3592 sic.
368 3568 401 3578 -
422 3560 445 3591 a.
466 3541 548 3602 Prius,
570 3542 703 3611 Apollonis.

265 3639 287 3686 3.
305 3634 423 3693 Pithoeus,
441 3634 511 3685 metri
524 3651 608 3696 causa,
626 3651 720 3685 erano.
736 3635 808 3700 Quod
818 3643 962 3703 receperunt*
970 3634 1057 3701 reliqui
1071 3633 1181 3686 editores.

263 3736 285 3784 4.
308 3726 395 3778 Melius
408 3726 537 3788 Heinsius,
558 3727 722 3796 Crepitantem.

641 4029 823 4050 mmmm
