3140 5212
361 617 428 692 156
525 637 667 686 pureum
685 635 900 684 raauuauuu
921 635 989 686 ma.
1007 636 1052 695 11,
1072 636 1139 684 rau
1162 613 1197 683 6.

557 866 772 955 auulsa
801 867 867 934 ar
892 865 1149 935 courum.

357 1075 505 1142 Coum
525 1082 676 1164 potentes
696 1091 796 1138 nemo
817 1081 868 1138 est
888 1066 1059 1138 monitus²
1079 1068 1176 1155 satis3

356 1197 392 1266 Si
414 1219 492 1266 vero
509 1193 647 1265 accessit
671 1190 864 1262 consiliator
886 1188 1077 1274 maleficus,

357 1321 418 1390 Vis
437 1334 471 1389 et
495 1319 646 1416 nequitia
665 1317 827 1412 quicquid
851 1333 1073 1413 oppugnant,
1093 1319 1172 1388 ruit.

409 1441 535 1538 Aquila
554 1444 588 1510 in
612 1438 754 1514 sulime³
777 1439 912 1514 sustulit
935 1443 1175 1514 Testudinem:

359 1569 445 1657 Quae
467 1590 544 1636 cum
563 1565 746 1636 abdidisset
765 1587 888 1638 cornea
907 1589 1031 1660 eorpus
1053 1565 1174 1650 d0m03

358 1689 430 1760 Nee
451 1689 521 1759 ullo
545 1705 644 1785 pacto
662 1689 735 1760 laedi
758 1690 889 1783 possit⁴
910 1690 1067 1777 condita,

360 1814 465 1885 Venit
482 1839 542 1909 per
561 1838 660 1885 auras
684 1815 810 1886 Cornix
825 1827 860 1883 et
876 1829 1015 1908 propter
1029 1813 1166 1883 volans:

360 1939 519 2034 Opimam
536 1961 615 2008 saue
632 1937 779 2032 praedam
799 1937 941 2033 rapuisti
960 1939 1159 2032 unguibus‚,

362 2061 429 2131 Sed
446 2061 512 2130 nisi
529 2075 718 2134 monstraro
736 2061 819 2155 quid
838 2063 881 2131 sit
898 2060 1092 2132 faciendum
1110 2063 1194 2146 tibi,

362 2183 467 2253 Gravi
492 2173 719 2278 nequiquam⁵
743 2198 777 2253 te
795 2183 930 2254 lassabit
949 2185 1108 2281 pondere.

362 2308 530 2377 Promissa
548 2322 644 2402 parte
665 2308 783 2378 suadet
807 2323 846 2377 ut
869 2307 1045 2403 scopulum
1063 2333 1163 2404 super

364 2429 450 2500 Altis
472 2431 514 2501 ab
540 2432 637 2502 astris
655 2432 773 2502 duram
797 2429 915 2502 inlidat
933 2433 1110 2514 corticem,

365 2556 443 2644 Qua
465 2557 672 2626 comminuta
694 2554 791 2626 facile
812 2570 965 2626 vescatur
984 2556 1069 2628 cibo.

362 2678 526 2750 *Inducta
545 2681 656 2750 verbis
673 2678 818 2775 Aquila,
835 2680 972 2750 monitis
993 2681 1129 2775 paruit,
1305 2670 1355 2722 *²5

365 2801 472 2871 Simul
489 2816 523 2872 et
540 2798 726 2898 magistre⁶
746 2802 839 2898 large
857 2802 968 2876 divisit
987 2803 1117 2898 dapem.

366 2924 423 2994 Sic
443 2935 544 2994 tuta?
567 2951 641 3020 quae
658 2917 806 2995 nature⁸
827 2927 935 2996 fuerat
953 2950 1111 3009 inuuere,

366 3053 480 3141 Impar
496 3047 626 3118 duabus
641 3048 763 3118 occidit
778 3050 864 3120 tristi
880 3075 972 3119 nece.

411 3264 431 3294 1.
449 3245 530 3296 Primo
543 3246 678 3312 legebatur,
703 3248 804 3297 Cornea,
817 3247 927 3300 Editores
945 3248 1010 3298 hune
1026 3246 1121 3297 titulum
1141 3247 1172 3297 ita
1191 3254 1358 3296 mutaverunt:

369 3327 474 3398 Aquila,
492 3331 581 3380 Caturia
593 3340 618 3378 et
633 3329 743 3382 raudo.

401 3439 424 3470 a.
440 3425 515 3472 Recte
528 3422 650 3482 Pithoeus,
670 3423 779 3473 mamitus.
791 3423 858 3473 Falso
878 3431 977 3474 testatur
987 3422 1081 3474 Gudius
1093 3423 1119 3472 iu
1133 3421 1193 3473 Cud.
1203 3429 1283 3471 nostro
1293 3435 1357 3476 esse,

368 3515 429 3554 tutus
441 3516 482 3557 est.

284 3645 287 3652 ,
403 3601 426 3645 3.
442 3598 498 3658 sie,
515 3615 560 3665 pro
573 3597 675 3650 sublime.
690 3629 722 3638 -
738 3610 762 3657 a.
776 3600 831 3660 Sic,
849 3615 893 3668 pro
903 3610 989 3668 posset.

404 3689 647 3743 tQ—QQ

405 3800 427 3846 ς.
443 3781 522 3834 Prima
535 3799 607 3834 mauu
621 3795 682 3847 tota,
696 3784 760 3850 quod
777 3782 856 3834 statim
871 3792 1004 3834 consutum
1017 3783 1043 3832 in
1057 3791 1113 3832 tuta.
1130 3810 1163 3820 —·
1177 3783 1200 3832 8.
1209 3781 1254 3831 sic.

748 3997 980 4018 thssmm
