3140 5212
368 629 435 725 178
509 651 649 698 PHAEDRI
667 648 969 698 assumuntur.
987 649 1048 712 111,
1068 649 1147 698 PAR.
1173 651 1224 697 to.

387 873 527 944 POETA
558 873 620 942 DE
645 874 863 944 CREDERE
889 873 946 942 ET
972 872 1073 942 NON
1097 873 1322 944 CREDERE.
1419 963 1423 967 Ι

357 1065 608 1132 ancunosmr
630 1078 679 1132 est
698 1061 834 1133 credere
854 1076 888 1132 et
906 1087 974 1131 non
992 1062 1137 1132 credere.

358 1159 542 1281 Utriusque
559 1185 746 1282 exemplum
765 1186 910 1255 breviter
932 1210 1096 1281 exponam
1117 1189 1178 1259 rei.

404 1306 628 1403 Hyppolitus¹
651 1309 766 1398 obit²,
784 1309 863 1403 quia
882 1333 1029 1378 novercae
1046 1309 1207 1380 creditum
1224 1326 1296 1380 est:

357 1431 550 1504 Cassandrae
573 1433 651 1529 quia
670 1456 740 1500 nou
759 1429 944 1520 creditum,
965 1434 1033 1502 ruit
1050 1432 1159 1502 Ilium.

358 1558 450 1650 Ergo
466 1553 670 1649 exploranda
687 1569 737 1624 est
756 1555 876 1624 veritas
893 1555 1060 1642 multum,
1081 1557 1175 1652 prius

361 1678 473 1767 Quam
493 1677 594 1748 stulta
616 1702 717 1774 prave
738 1677 867 1772 judicet
889 1681 1061 1748 sententia.

299 1782 302 1788 ¹
361 1798 427 1870 Sed
451 1797 626 1870 fabulosa³
648 1826 691 1869 ne
713 1815 911 1871 vetustatem
932 1799 1080 1885 levent,

358 1923 514 1994 Narrabo
532 1923 593 1993 tibi
610 1925 771 1993 memoria
791 1924 881 2018 quod
899 1923 1092 1995 factumest
1114 1949 1198 1994 mea.

407 2046 552 2115 Maritus
569 2046 705 2140 quidam
724 2072 801 2117 cum
819 2047 972 2145 diligeret
989 2048 1188 2144 conjugem,

358 2169 552 2262 Togamque
574 2193 693 2262 puram
714 2170 782 2262 jam
801 2166 953 2263 pararet*
973 2168 1062 2253 filio,
1283 2164 1348 2217 *38

360 2289 426 2359 Sed
447 2280 566 2361 vetus⁵
585 2294 621 2361 in
639 2307 801 2362 secretum
819 2319 838 2362 a
856 2289 1001 2363 liberto6
1020 2317 1103 2379 suo,

358 2416 520 2509 Sperante
543 2417 698 2487 heredem
720 2415 908 2486 sufficisse7
936 2417 1150 2511 proximum,

358 2543 426 2633 Qui
445 2533 551 2614 dum⁸
571 2544 612 2614 de
628 2569 732 2639 puero
751 2540 858 2612 multa
876 2544 1035 2613 mentitus
1059 2542 1162 2630 foret,

292 2723 294 2728 -
359 2673 403 2740 Et
427 2669 526 2766 plura
546 2671 587 2739 de
610 2671 773 2765 flagiciis9
797 2685 893 2740 oastae
914 2667 1078 2755 mulieris,

360 2791 511 2885 Adjecit‚
534 2793 569 2861 id
591 2793 682 2885 quod
706 2791 868 2861 sentiebat
886 2792 1031 2860 maxime

394 3037 416 3068 1.
434 3019 489 3079 sie,
501 3036 545 3087 pro
562 3019 711 3088 Hirpolytus.
723 3049 755 3058 —
770 3038 793 3070 a.
804 3025 880 3072 Recte
891 3019 1013 3070 rithmus:
1035 3018 1098 3068 obiit.

394 3117 418 3163 ³.
433 3118 519 3165 Errant
531 3115 573 3181 qui
586 3124 671 3183 putant
683 3116 729 3166 hoe
744 3116 797 3167 loce
814 3132 864 3166 esee
881 3117 908 3166 in
919 3115 978 3168 Cod.
985 3113 1130 3180 fabulosam,

394 3214 419 3262 4.
435 3203 540 3256 Pithoeua
552 3205 702 3258 emendavit:
718 3205 768 3257 Sed
772 3206 887 3272 sabulosa
900 3225 930 3258 ne
939 3217 1055 3258 vetustate
1067 3207 1159 3258 elevem.
1172 3213 1250 3273 Quam
1263 3209 1346 3259 lentin-

360 3312 415 3348 oem
427 3298 517 3365 reoepit
531 3297 684 3360 sentiamus,
702 3300 738 3349 vir
752 3316 864 3350 suminus.
881 3299 927 3349 Sed
940 3299 1037 3350 ianuae
1049 3299 1199 3350 immutatam
1210 3299 1267 3349 veiis
1283 3299 1346 3350 hane

362 3388 467 3454 ejusdem
481 3389 610 3442 doctissimi
621 3390 717 3442 editoris
730 3391 916 3442 annotationem.
930 3413 943 3434 α
963 3396 992 3440 ln
1003 3393 1073 3440 MSS.
1084 3389 1146 3440 Pith.
1157 3394 1225 3441 Rem.
1241 3401 1264 3441 et
1280 3395 1345 3441 Vett.

359 3480 432 3532 Editt.
447 3481 553 3548 legitur:
578 3481 628 3533 Sed
644 3481 780 3548 fabulosam
802 3500 833 3532 ne
855 3491 989 3532 vetustatem
1011 3480 1102 3530 elevem.
1114 3504 1126 3524 »ι
1145 3484 1215 3532 Certe
1238 3481 1345 3531 omniun

359 3573 453 3625 Phaedri
468 3573 600 3626 editionum
619 3575 773 3628 vetustissima
791 3583 826 3626 est
844 3574 973 3625 Pithoeana.

393 3666 418 3717 ⁵.
434 3665 489 3727 sie,
506 3683 550 3735 pro
562 3665 683 3730 redactus,
700 3678 728 3720 ut
745 3678 808 3719 reete
820 3667 934 3718 Pithoeus.

396 3759 420 3807 6.
437 3759 557 3810 Bentleius
569 3761 709 3828 interposuit
723 3771 776 3810 est:
792 3776 863 3828 quam
876 3761 1035 3826 oonJecturam
1048 3757 1194 3810 eonfirmavit
1205 3757 1265 3810 Cod.
1275 3761 1326 3808 Per.

394 3868 417 3912 ⁷·
429 3854 505 3901 Reate
517 3851 641 3902 Salmasius
654 3869 660 3901 :
677 3851 753 3915 suffici
764 3870 797 3902 se.
813 3850 917 3902 Pithoeus
932 3851 1064 3916 oonjeeerat
1076 3867 1100 3898 se
1110 3847 1205 3912 fuschae.

395 3942 418 3990 8.
435 3939 571 3991 Schwabius
583 3957 637 3992 curn
650 3942 706 3993 God.
717 3946 803 4005 Rem,
817 3959 877 3992 cum,
897 3945 929 3979 '—
947 3957 970 4004 9.
981 3937 1027 3989 Sir,
