3144 5218
351 645 494 696 ruenni
516 643 899 708 remunerarem,
922 645 999 693 rsa.
1020 647 1076 718 27.
1149 621 1214 693 231

350 881 526 949 POETA
560 879 629 948 AD
652 879 1104 948 PARTICULONEM¹

229 1076 331 1151 *Cusr
350 1078 565 1148 destinassem
586 1078 766 1147 terminum
784 1079 923 1173 operis²
944 1076 1092 1150 habere³
1168 1075 1222 1121 *⁵²

231 1210 272 1276 In
290 1206 375 1292 hoc,
396 1220 435 1275 ut
460 1204 534 1274 eliis
556 1217 640 1274 esset
663 1204 810 1274 materie
835 1204 934 1292 satis,

233 1328 421 1400 Consilium
442 1331 545 1398 tacito
566 1328 666 1397 corde
685 1325 884 1397 damnavit.

231 1457 320 1527 Nam
339 1454 467 1549 siquis
487 1451 563 1522 talis
584 1452 685 1522 etiam
704 1467 754 1522 est
774 1451 864 1522 tituli
877 1440 911 1540 ⁵,

234 1577 314 1667 Quo
332 1590 430 1670 pacto
447 1570 834 1669 damnabitssiquidnam
853 1575 1043 1660 omiserim,

234 1699 284 1766 Ut
301 1697 425 1766 illum7
451 1699 562 1792 ipsum
581 1689 741 1794 cupiam⁸
763 1698 857 1768 fame
878 1699 1031 1768 tradere:

236 1824 304 1891 Sua
324 1823 448 1917 cuique
473 1847 551 1892 curn
570 1824 614 1892 sit
640 1823 744 1892 animi
764 1821 946 1917 cogitatio,

233 1945 403 2041 Colorque
420 1947 569 2041 priore?
586 1951 678 2042 Ergo
695 1972 763 2016 non
783 1946 900 2017 levitas
917 1945 1022 2035 milri,

267 2209 289 2242 1.
306 2196 357 2242 Hos
369 2208 449 2243 versus
461 2192 563 2242 editores
573 2192 637 2243 libro
648 2201 734 2260 quarto
745 2203 890 2261 praeponunt
905 2202 933 2244 ut
943 2194 1076 2262 prologum.

190 2311 192 2318 ·
265 2308 289 2341 ι.
305 2291 440 2342 Clausulam
450 2308 532 2342 versus
549 2291 576 2341 in
590 2291 635 2341 ud.
649 2292 755 2342 Pithoeus
772 2293 884 2342 asterisco
897 2293 999 2343 notarit.

265 2393 289 2440 3.
309 2395 345 2442 Ex
360 2391 468 2442 Bentleio
481 2390 581 2458 aliisque
596 2391 750 2450 Schwabius‚
767 2391 834 2460 operi
843 2400 951 2441 statuere.

267 2497 291 2546 t.
310 2488 358 2542 Hic
370 2487 477 2540 Pithoeus
487 2487 624 2538 asteriscum
636 2487 731 2554 posuit,
750 2487 821 2538 unius
837 2488 911 2539 iambi
923 2489 1013 2540 lecum
1029 2487 1155 2542 iudicium.
1170 2493 1226 2544 stis·

232 2581 361 2634 tershusius
371 2589 398 2631 ut
407 2595 499 2630 versum
513 2579 621 2647 expleret
630 2595 705 2628 meum
717 2578 809 2629 addidit
822 2580 972 2646 conjecture:
986 2581 1052 2646 quod
1066 2580 1228 2651 (adscriptum

231 2675 289 2725 item
302 2673 332 2724 ad
346 2688 412 2723 oram
422 2671 562 2739 exemplaris
574 2671 645 2738 Regii
657 2687 728 2720 manu
743 2672 834 2735 notati)
845 2680 987 2739 receperunt
996 2689 1051 2724 cum
1063 2673 1105 2724 alii
1115 2676 1227 2744 cumipse

230 2764 376 2818 Schwebius.
393 2762 514 2815 Bentleius
527 2764 605 2813 stetim
621 2765 762 2830 conjecerat.

265 2865 289 2912 5.
306 2867 367 2912 Item
385 2861 452 2911 hunc
467 2876 563 2911 versum
581 2868 689 2911 extremo
707 2860 769 2926 pede
785 2869 921 2922 carentem,
937 2861 1095 2930 asteriscoque
1110 2869 1138 2912 ut
1155 2876 1226 2928 supra

230 2955 350 3009 ePithoeo
362 2963 488 3015 notatum,
506 2970 565 3004 voce
577 2963 689 3024 appetens
705 2953 884 3003 Freinshemius
901 2954 995 3016 linivit,
1008 2955 1134 3007 Schwabio
1146 2970 1225 3006 assen-

229 3050 314 3100 tiente.
330 3049 380 3112 Qui
392 3046 524 3112 Rigaltium
537 3054 594 3096 sunt
606 3045 681 3096 secuti
694 3062 739 3113 pro
751 3056 862 3114 appetens
879 3046 987 3098 scribunt
1003 3047 1097 3113 mtij'ee.

265 3150 290 3199 6.
307 3146 424 3211 Rigaltius
443 3145 521 3205 bene,
537 3143 657 3194 divinabit
673 3173 707 3182 -
722 3164 746 3207 7.
765 3149 889 3212 Guyetus,
908 3145 976 3197 illud.

266 3241 290 3288 8.
308 3237 444 3297 Mennim,
464 3236 572 3302 cuipiam.
590 3241 699 3302 Guyetus
719 3253 748 3286 ac
767 3237 855 3299 Faber,
873 3238 960 3306 cupiat.
979 3245 1068 3290 Locum
1087 3256 1118 3290 ex
1130 3245 1225 3308 Guyeto

230 3335 266 3383 ita
277 3327 390 3380 emendat
402 3327 552 3377 doctissimus
564 3326 643 3376 editor
655 3327 811 3378 Schwabius:
826 3332 859 3377 Ut
869 3328 931 3378 illud
941 3331 1015 3398 ipsum
1026 3331 1112 3398 cupiat.

265 3444 290 3491 9.
306 3425 378 3476 Pauci
394 3423 522 3475 lectionem
540 3421 600 3474 cod.
617 3421 737 3482 retineut3
756 3423 847 3490 primus
863 3425 964 3475 mutavit
982 3424 1086 3476 Pithoeus
1100 3425 1222 3486 scribem,

226 3521 348 3590 propior:
363 3517 403 3569 cui
415 3517 558 3582 conjecture
570 3515 635 3566 solus
649 3515 827 3567 Freinshemius
845 3517 970 3568 addiderat
986 3517 1143 3569 mutationem
1161 3521 1225 3570 vocis

230 3613 298 3664 color
313 3613 340 3662 in
352 3609 426 3661 calor.
442 3609 568 3660 Salmasius
581 3607 724 3676 conjiciebat
732 3609 829 3678 parion
846 3612 905 3660 Ant.
917 3609 1025 3660 AEmilius
1039 3611 1134 3678 potior;
1146 3612 1224 3663 Faber

226 3707 329 3777 privum
346 3701 535 3764 Rittershusius,
544 3702 676 3771 proprius:
695 3717 742 3768 que
753 3701 784 3752 de
796 3702 898 3753 lectione
913 3703 1080 3770 anteponenda
1088 3704 1224 3757 Schwebius

230 3803 284 3852 hiae
293 3800 367 3850 refert
377 3797 533 3863 sagacisssime
545 3813 551 3845 :
563 3819 577 3838 α
590 3795 728 3862 Suspicatur
738 3795 815 3846 Faber
825 3795 897 3846 rudes
905 3795 1014 3846 librarios
1027 3798 1131 3866 epriaus
1140 3798 1224 3850 fecisse

232 3917 244 3936 .
252 3893 337 3961 prius,
352 3887 418 3955 quod
428 3887 484 3954 quia
497 3904 546 3938 non
554 3887 711 3955 responderet
719 3894 753 3958 τῷ
761 3885 840 3947 calor,
852 3887 909 3937 alios
919 3887 1038 3954 scripsisse
1046 3888 1122 3958 prior.
1134 3891 1222 3939 Contra

233 4014 245 4031 κ
260 3987 410 4041 Desbillonio
422 4003 479 4037 vero
489 3985 585 4037 ridetur
595 3985 708 4048 similius,
726 3985 849 4037 librarium
864 3987 982 4054 scripsisse
996 4005 1039 4056 per
1055 3989 1222 4058 compendium

1037 4080 1076 4152 15
