3140 5212
427 603 494 689 184
568 623 710 673 annom
730 623 947 674 aaaucsnuu
967 624 1035 672 nra.
1053 625 1115 686 111,
1135 623 1210 672 raa.
1236 600 1288 673 13.

493 839 626 932 aras
655 859 719 928 nr
746 859 896 944 nunt,
922 859 1098 928 vespa
1131 859 1335 928 rumen.

367 1094 369 1101 s
419 1062 511 1129 Anas
534 1058 570 1127 in
591 1057 677 1128 alia¹
700 1083 826 1154 quercu
844 1058 1020 1128 fecerunt²
1044 1056 1147 1127 favos.
1180 1045 1183 1050 ⁵

419 1183 490 1250 Hos
507 1181 589 1251 Fuci
612 1181 735 1252 inertes
752 1206 823 1252 esse
841 1181 997 1251 dicebant
1017 1206 1106 1252 suos.

417 1303 477 1373 Lis
495 1301 538 1373 ad
556 1303 668 1373 forum
686 1303 830 1377 deducta
847 1318 916 1390 est,
937 1308 1047 1400 Vespa
1064 1303 1189 1400 judice.

418 1423 521 1517 Que³
545 1452 650 1523 genus
668 1443 851 1524 utrumque
868 1442 980 1498 nosset
996 1453 1074 1498 cum
1092 1427 1338 1523 pulcherrime,

415 1555 541 1646 Legem
562 1550 705 1622 duarum
722 1551 810 1623 hanc
826 1553 1004 1647 proposuit
1023 1552 1199 1648 partibus:

418 1677 497 1746 Non
521 1675 760 1747 inconveniens
777 1699 920 1768 corpus,
945 1691 979 1745 ct
999 1691 1132 1770 penest
1157 1674 1268 1763 color,

417 1802 458 1868 ln
477 1797 617 1870 dubium
635 1796 735 1894 plane
755 1824 807 1868 res
828 1814 867 1869 ut
884 1800 1005 1868 merito
1026 1799 1163 1870 venerit

417 1921 484 1994 Sed
505 1947 548 1991 ne
567 1919 685 2017 religio
707 1937 822 2016 peccet
839 1922 1022 2018 inprudens
1041 1948 1133 2010 mea,

416 2045 518 2118 Alvos
536 2045 699 2140 accipite,
719 2060 754 2114 et
771 2046 855 2114 ceris
872 2071 957 2141 opus
976 2045 1163 2133 infundite,

321 2173 324 2175 ’
417 2170 467 2238 Ut
489 2193 529 2237 ex
551 2192 669 2262 sapore
691 2165 799 2238 mellis
816 2183 851 2238 et
873 2168 983 2238 forma
1002 2167 1092 2254 favi,

417 2291 470 2362 De
491 2291 639 2386 quibus⁴
650 2317 748 2362 ‘nunc
762 2293 885 2388 agitur,
901 2307 1020 2362 auctor
1036 2293 1156 2363 horum
1176 2309 1346 2389 appareat.

417 2411 524 2486 Fusi⁵
545 2430 727 2485 recusant:
751 2416 881 2511 Apibus
900 2417 1054 2486 condicio
1073 2415 1190 2512 placet.

418 2544 505 2611 Tum
531 2539 587 2609 illa
613 2539 713 2609 talem
736 2535 896 2610 sustulit6
920 2543 1147 2612 sententiam:

416 2667 581 2756 Apertum
599 2663 739 2757 estquis
758 2688 827 2731 non
845 2663 970 2757 possit,
992 2677 1052 2733 aut
1068 2665 1143 2758 quis
1160 2664 1284 2734 fecerit.

419 2783 661 2880 Quapropter*
683 2785 814 2880 Apibus
833 2784 980 2856 fructum
1000 2789 1138 2857 restituo
1157 2812 1265 2858 suum.
1353 2786 1398 2836 ⁴⁴¹

372 2905 375 2909 ’
468 2913 565 2978 Hauc
591 2908 808 3003 praeterissem
835 2908 981 2979 fabulam
1008 2910 1161 2997 silentio,

421 3032 457 3102 si
476 3046 607 3126 pactam
631 3030 713 3099 Fuci
733 3056 801 3100 non
824 3049 1031 3103 recusassent
1053 3033 1166 3103 fidem.

456 3277 477 3310 1.
494 3259 547 3320 Sic,
560 3275 605 3326 pro
618 3257 676 3308 alte,
691 3287 724 3295 —
743 3276 766 3308 a.
783 3259 881 3310 Rectius
893 3257 955 3309 God.
968 3262 1029 3308 Per:
1039 3256 1157 3321 fecerant.

455 3356 478 3402 3.
495 3351 552 3409 Sic,
571 3368 615 3419 pro
627 3368 688 3420 quoe.
704 3379 737 3390 -
754 3359 777 3408 4.
793 3349 1004 3426 ΗοοιειΡὶῐΙιωιιι,
1022 3353 1082 3418 qur's.
1108 3381 1109 3384 =

456 3447 479 3494 5.
495 3443 553 3506 sie,
567 3459 612 3511 pro
624 3443 690 3493 Fuci.

456 3539 481 3586 6.
499 3560 511 3579 α
523 3541 637 3599 Proser,
651 3535 730 3602 inquit
744 3535 882 3586 Schwebius
895 3538 926 3584 V.
941 3536 977 3584 cl.
995 3533 1066 3585 lectio
1079 3534 1140 3585 Cod.
1153 3539 1204 3586 Per.
1213 3533 1322 3603 protulit.
1332 3559 1343 3576 u

831 3802 993 4004 eeu
