3140 5212
394 636 460 718 toi

465 1657 529 1712 XVl

467 1895 548 1951 XVII

408 2129 442 2185 51

469 2766 564 2821 XVIII

410 2923 446 2980 52

468 3003 535 3057 XIX

680 653 849 702 coutcts
876 652 1084 700 ununusts

583 781 675 837 Mirati
997 782 1095 852 Mirari

586 857 691 932 aliquid
997 861 1111 933 aliquod

585 940 716 998 Mandata
724 942 964 1014 dnnt3tegntinit-
998 941 1143 1012 Mandant,
1161 942 1338 998 dimittuntur

625 1031 723 1076 tuntur
732 1023 823 1076 statim
1039 1022 1129 1074 statim

588 1095 696 1154 locutus
1000 1100 1132 1173 loquutus

592 1196 599 1208 ·
612 1222 619 1236 .
631 1219 638 1234 .
651 1181 806 1252 .imponere

592 1259 606 1286 ἢ

936 1301 940 1306 .
1041 1260 1055 1287 *
1069 1257 1117 1313 En
1140 1269 1185 1314 cet
1202 1260 1312 1316 endroit
1335 1274 1380 1316 est

587 1339 650 1390 Non
663 1348 754 1395 vato...
994 1337 1088 1410 place
1099 1357 1132 1394 ce
1145 1357 1205 1394 vers
1222 1361 1234 1402 ς
1252 1342 1307 1398 Sed
1320 1340 1380 1396 hoc

1002 1416 1106 1474 feretis.
1118 1461 1125 1474 .
1139 1460 1145 1473 .

585 1506 729 1569 expectant
741 1507 767 1550 et
783 1498 885 1569 posteri
1001 1509 1171 1569 expectantes
1187 1500 1287 1572 posteri

587 1576 636 1648 qui
650 1575 724 1630 videt
1000 1595 1062 1629 cum
1075 1577 1149 1631 videt

589 1657 678 1710 Homo
693 1666 721 1709 et
733 1654 853 1710 Colubra
1001 1658 1118 1729 Serpens
1134 1657 1316 1712 misericordia
1326 1677 1378 1712 no·

1041 1754 1098 1789 crva

585 1815 679 1868 necuit
1000 1816 1095 1870 nocuit

581 1894 687 1964 Vulpes
701 1901 709 1924 ¹
999 1891 1101 1968 Vulpis

586 1971 691 2043 Vulpes
705 2024 707 2030 ,
999 1973 1100 2047 Vulpis

586 2050 776 2122 inprudentia
1000 2053 1183 2124 inprudentiae

589 2129 740 2202 quidquam
1000 2134 1148 2205 quicquam

585 2211 645 2262 Diis
1000 2213 1049 2264 Dis

800 2289 895 2343 similis
915 2289 964 2342 tibi

1021 2447 1034 2471 *
1048 2450 1081 2502 In
1093 2468 1219 2521 avarum,
1234 2470 1269 2506 en
1280 2452 1354 2508 titre.

585 2528 666 2582 thure
1001 2539 1063 2582 ture

582 2605 744 2679 jucunditas
998 2605 1155 2678 jocunditas

586 2683 709 2742 Libitina
1000 2688 1125 2741 Libetina

590 2764 720 2818 Phaedrus
735 2765 770 2817 de
786 2764 885 2818 fabulis
999 2767 1130 2822 Phaedrus

589 2843 714 2918 intelligo
736 2851 739 2858 '
1000 2846 1127 2918 intellego

585 2915 722 3055 ppoppsip'i
782 3002 811 3058 s.
880 3002 916 3056 'd'
999 2930 1175 3060 pDroppsiturq¹

587 3019 766 3135 faqrqmrwum
803 3021 887 3056 imonr
909 3021 931 3056 rs
1000 3025 1192 3139 fa:wilqlnonre

588 3159 693 3234 pelagio
1003 3165 1089 3236 pelagi

588 3243 643 3295 Ceo
1002 3244 1070 3297 Chia

589 3321 626 3377 Hi
1001 3325 1046 3376 nn
1326 3382 1330 3390 ,

589 3401 719 3452 immanes
733 3401 806 3452 ciens
1001 3403 1029 3456 in
1054 3419 1132 3456 mane
1154 3405 1241 3460 sciens
1265 3404 1277 3484 (
1289 3406 1378 3481 igno—

1045 3500 1134 3536 rnnce
1149 3484 1189 3539 du
1203 3487 1311 3559 copiste
1325 3493 1337 3557 )

498 3560 521 3615 Δ·
582 3560 596 3587 s
603 3599 959 3614 ‚‚‚‚‚‚‚‚‚‚‚‚‚‚‚‚‚‚
1031 3563 1130 3616 *Nihil
1143 3581 1220 3633 agere
1231 3565 1307 3638 quod
1320 3588 1377 3624 nou

424 4027 446 4059 1.
460 4011 488 4057 Iu
502 4005 579 4056 tituto.

588 3639 712 3693 Formica
735 3649 763 3692 ct
782 3657 873 3692 musca
894 3656 963 3692 con·
1000 3643 1086 3712 prosit
1101 3642 1199 3698 sabella
1215 3646 1326 3702 indicat.

629 3718 807 3772 tendebant...

588 3815 650 3850 curn
667 3799 753 3851 visum
1000 3818 1085 3871 quum
1098 3803 1184 3856 visum
