3144 5218
366 653 435 724 232
512 665 654 716 runem
681 661 898 710 resumunt
916 659 984 706 nm.
1001 657 1056 718 ιν,
1072 655 1150 702 ran.
1167 655 1233 726 27·

366 876 433 946 sed
450 888 542 943 certa
561 870 646 939 ratio
668 889 802 938 causam
821 859 989 934 scribendi
1009 857 1112 928 dedit.

365 1006 501 1093 Quare,
520 991 683 1090 particula
695 1002 729 1079 ¹,
747 988 906 1083 quoniam
925 983 1054 1078 caperis
1071 976 1217 1050 fabulae²

367 1127 481 1219 (Quas
502 1112 678 1212 AEsopias³
701 1137 771 1182 non
793 1109 908 1204 AEsopi
928 1107 1091 1192 nomino,

367 1246 474 1337 Quasi
495 1266 618 1338 paucas
636 1237 691 1307 iiie
709 1232 883 1305 ostendit⁴
902 1256 966 1327 ego
983 1228 1096 1326 piures
1115 1228 1260 1308 dissero,

366 1358 466 1442 Usu⁵
489 1381 620 1438 vetusto
640 1385 759 1458 genere
776 1357 837 1428 sed
858 1355 957 1426 rebus
979 1353 1119 1448 novis);

368 1498 537 1584 Quartum
556 1485 708 1558 libellum
727 1482 808 1552 dum
825 1475 961 1552 Vatiae⁶
979 1477 1137 1572 perieges.

368 1623 467 1687 Hunc
486 1615 713 1684 obtrectare?
738 1608 766 1675 si
786 1603 876 1675 volet
894 1600 1102 1698 malignitas,

370 1897 382 1917 0.
392 1870 506 1942 proprius
524 1867 590 1934 [ride
607 1865 697 1934 pretet
711 1871 798 1914 nestra
810 1877 864 1928 pag.
883 1861 927 1920 56,
943 1857 986 1910 tin.
1005 1859 1072 1924 ¹⁰1·
1091 1873 1122 1906 ex
1139 1872 1188 1923 qno
1202 1855 1262 1908 aiter
1281 1857 1372 1908 iecerit

370 1991 382 2010 a
392 1966 476 2034 prius;
493 1963 589 2012 demunt
604 1958 702 2009 tertium
719 1955 763 2022 qui
779 1952 936 2006 soloeuitttnttm
955 1950 1078 2014 cortigwe
1094 1950 1214 2010 vuluerit,
1230 1951 1375 2018 repmrisse

372 2063 472 2131 «prior,
483 2083 496 2101 n

408 2176 429 2208 1.
446 2157 502 2212 Sic,
519 2168 562 2221 pro
573 2145 702 2200 Particulo.
714 2172 748 2182 -
761 2162 785 2194 a.
799 2147 874 2194 Recte
883 2144 990 2195 Pithoeus
1000 2179 1009 2216 ,
1016 2141 1109 2210 sabulis
1122 2160 1129 2195 a
1143 2142 1208 2210 quod
1220 2153 1248 2194 ut
1265 2145 1370 2212 scriptu·

372 2267 424 2301 ram
436 2247 495 2299 Cod.
508 2249 659 2312 receperunt.
669 2266 703 2276 —
717 2237 740 2286 3.
751 2231 818 2286 Bene
828 2231 947 2296 editores,
962 2233 1033 2284 metri
1046 2234 1135 2300 gratia,
1149 2236 1275 2304 AEsopeas.

407 2366 431 2414 Ι..
447 2353 554 2406 Pithoeus
567 2366 574 2400 :
587 2347 662 2414 Quasi
670 2362 763 2416 porram
771 2341 904 2400 ostenderit.
917 2344 1085 2392 Burmannus:
1101 2339 1150 2406 Qui
1156 2357 1251 2410 paucas
1261 2338 1373 2390 ostendit.

374 2448 496 2500 Bentleius
509 2462 515 2496 :
535 2443 598 2508 Quia
607 2457 699 2510 paucus
710 2437 750 2488 ilie
762 2434 869 2488 ostendit.
882 2431 1044 2484 Deshiilonius
1056 2449 1064 2483 τ
1076 2435 1140 2483 Nam
1153 2432 1173 2482 is
1184 2449 1280 2500 paucus
1293 2443 1373 2482 osten-

374 2541 416 2591 dtr.
430 2537 544 2591 Schwabe
560 2539 591 2586 V.
604 2534 641 2584 Ci.
651 2537 747 2584 Paucas
757 2526 858 2580 ostendit
869 2524 915 2576 ille.
931 2530 968 2576 De
981 2540 1037 2575 vera
1047 2523 1151 2575 lectione
1164 2523 1223 2576 ch.
1234 2529 1307 2575 Item,
1318 2523 1373 2574 vide

376 2637 516 2688 varietatem
531 2649 546 2683 a
562 2637 633 2683 Dona.
646 2627 775 2679 Vincentio
789 2633 924 2685 cantatam,
943 2639 996 2689 pag.
1012 2621 1068 2671 106.
1080 2623 1142 2672 Sunt
1159 2621 1202 2688 qui
1214 2629 1294 2671 totum
1307 2621 1374 2672 huno

376 2747 472 2781 versum
485 2727 605 2794 abiiciunt.
622 2717 655 2762 -’-
676 2725 699 2772 5.
713 2727 787 2773 Recte
799 2719 922 2777 Pithoeus,
946 2720 1014 2765 tuas.

410 2843 435 2889 6.
445 2839 551 2888 Pithoeus
562 2835 667 2885 correxit
678 2870 685 2894 ,
696 2831 752 2882 dum
762 2831 855 2879 oacioe:
866 2843 939 2895 quam
949 2814 1110 2892 conjecturain
1124 2833 1205 2875 tuetur
1216 2825 1252 2876 cl.
1264 2823 1374 2876 Schwab.

377 2938 469 2981 mutato
487 2930 564 2978 solnm
578 2925 634 2974 mem
649 2925 676 2974 in
691 2941 760 2972 nunc.
774 2923 858 2986 Neque
871 2936 928 2970 vero
945 2918 1027 2969 Codex
1039 2917 1097 2979 hic,
1115 2917 1187 2966 modo
1203 2917 1319 2984 adjeceris
1334 2926 1373 2974 tu,

378 3020 541 3074 emendandus
549 3017 652 3077 ridetur,
664 3017 683 3066 si
693 3015 828 3066 Broterium
837 3013 961 3064 audimus:
971 3036 984 3055 «ι
995 3011 1140 3078 incogitat,
1154 3011 1245 3077 inquit,
1258 3011 1289 3061 de
1298 3011 1374 3062 Parti·

378 3142 391 3162 a
404 3114 496 3167 colonis
507 3113 578 3172 vilia,
590 3126 644 3177 quae
659 3118 710 3160 erat
724 3108 819 3168 Varie,
837 3123 902 3157 nune
913 3107 1028 3155 Vicovaro
1045 3105 1072 3154 in
1089 3104 1142 3172 ripa
1155 3104 1238 3155 dextra
1255 3105 1372 3163 Anienis,

380 3236 392 3255 u
405 3227 469 3262 nunc
481 3213 612 3265 Teoerone,
630 3220 734 3271 agroque
744 3203 888 3264 Tiburtino,
900 3201 926 3251 ta
935 3219 1066 3270 conpages
1077 3199 1108 3250 de
1119 3200 1197 3251 rivoli
1201 3239 1209 3264 ‚
1222 3203 1260 3253 ria
1271 3204 1375 3254 Valeria.

381 3330 393 3347 u
405 3301 516 3354 Proxima
527 3298 573 3350 tuit
583 3296 677 3348 Horatii
688 3297 757 3357 villa,
767 3295 809 3364 qui
820 3303 845 3346 et
853 3293 951 3346 Variam
963 3302 1079 3344 memorat
1087 3292 1131 3344 lin
1143 3312 1168 3356 1,
1182 3311 1221 3363 ep.
1232 3312 1282 3357 xm,
1296 3314 1307 3344 1
1319 3299 1377 3362 sqq.

382 3421 395 3440 α
408 3399 510 3447 Gratum
522 3391 568 3442 erit
581 3389 638 3440 viris
649 3387 749 3438 eruditis
765 3387 846 3438 locum
859 3384 924 3436 hunc
934 3384 1030 3435 Phaedri
1040 3383 1133 3435 tamdiu
1146 3384 1312 3456 deploratum,
1329 3395 1376 3437 tam

384 3514 397 3533 α
410 3489 478 3540 facile
489 3525 497 3548 ,
510 3496 558 3537 tam
571 3493 636 3561 certe
649 3483 721 3534 fuisse
731 3491 846 3532 sanatum.
859 3504 871 3522 »ι
890 3482 1045 3549 Quapropter
1058 3479 1092 3530 ita
1105 3479 1200 3548 scripsit
1212 3497 1322 3545 versum,
1334 3481 1375 3531 ad·

385 3582 436 3632 dito
447 3581 541 3639 solum,
559 3577 628 3627 metri
643 3591 712 3646 causa
722 3612 729 3638 ,
741 3584 781 3623 tu:

487 3676 601 3738 Qrcortum
614 3667 716 3719 libellum
728 3678 754 3717 tu
765 3665 821 3716 dum
836 3666 916 3714 Varia
930 3663 1046 3734 perleges.

387 3773 494 3816 Fortasse
507 3772 601 3831 prestat
613 3763 738 3814 lectionem
752 3761 837 3811 leviter
847 3760 995 3810 immutatam
1007 3757 1102 3810 Codicis
1114 3775 1185 3810 mere
1191 3759 1278 3811 rtrnoei
1287 3759 1378 3826 conjec-

389 3869 449 3910 tnrre
461 3866 615 3924 anteponere.

427 3988 448 4031 7.
468 3973 504 4017 Ex
524 3966 670 4016 correctione
690 3964 825 4014 obtrectare.
