3144 5218
354 659 495 706 PEAEBM
513 659 730 708 resumitur!
745 661 813 707 ΗΒ.
833 661 887 719 IV,
907 658 985 704 ΕΔΒ.
1003 659 1060 704 22.
1146 659 1210 706 221

495 908 563 976 DE
595 907 919 976 SIMONIDE1.

234 1111 345 1178 Homo
366 1106 483 1178 doctus
501 1108 537 1176 in
558 1133 593 1178 sc
612 1133 741 1202 semper
759 1107 891 1176 divitias
908 1106 1020 1175 habet.

235 1229 438 1318 Simonides,
456 1230 515 1324 qui
533 1231 666 1325 scripsit
686 1231 858 1326 egregium
878 1226 1000 1314 melos,

233 1354 314 1442 Quo
335 1356 760 1448 paupertatemesustineret
777 1352 921 1436 facilius,

234 1476 445 1546 Circumire²
466 1469 568 1571 erepit
588 1475 687 1546 urbes
706 1477 791 1548 Asiae
806 1473 958 1560 nobiles,

233 1598 388 1670 Mercede
407 1614 542 1694 accepta
560 1597 693 1670 laudem
709 1600 875 1669 victorum
898 1621 1028 1668 canens.

233 1726 307 1793 Hoc
316 1714 609 1817 generequestnsi*
617 1737 793 1818 postquam
802 1720 951 1817 locuples
959 1720 1102 1790 factumi
1112 1733 1161 1788 est
1172 1715 1219 1780 *7⁶

234 1834 385 1913 Venire⁵
411 1847 445 1912 in
468 1846 611 1940 patriam
632 1871 733 1916 cursu
758 1844 867 1940 pelagi
883 1839 909 1912 ⁶.

231 1966 333 2062 (Erat
349 1983 460 2038 autem
478 1983 598 2054 natus,
617 1985 656 2038 ut
671 1969 789 2053 aiunt,
814 1968 849 2036 in
874 1966 997 2037 Schia7
1020 1961 1148 2058 insula)

232 2089 388 2159 Ascendit
407 2116 545 2179 navem,
567 2116 668 2186 quam
690 2105 866 2184 tempestas
889 2087 1025 2158 horrida

235 2212 341 2282 Simul
359 2228 394 2282 et
412 2229 559 2284 vetustas
583 2214 695 2284 medio
714 2212 865 2282 dissolvit
882 2213 978 2280 mari.

232 2325 316 2403 Hii8
335 2361 456 2424 zonas,
477 2336 525 2406 illi
546 2361 597 2406 res
621 2337 816 2430 praetiosas9
840 2333 1023 2428 eolligunt,

231 2456 426 2526 Subsidium
445 2460 529 2527 vitoe.
549 2458 697 2549 Quidam
715 2457 905 2526 curiosior:

233 2577 426 2668 Simonide,
452 2595 491 2650 tu
513 2603 554 2650 ex
570 2581 692 2675 opibus
712 2577 797 2648 nihil
816 2579 921 2648 sumis
938 2578 1037 2647 tuis?

232 2703 388 2793 Mecum,
399 2704 526 2800 inquit,
539 2719 697 2773 measunt
707 2716 840 2772 cuncta.
853 2705 950 2772 Tunc
961 2701 1059 2796 pauci
1072 2714 1223 2784 enatant,

233 2827 325 2916 Quia
344 2823 456 2922 plures
475 2852 577 2897 onere
594 2825 765 2922 degravati
784 2825 963 2921 perierant.

270 3095 290 3127 1.
306 3077 430 3129 editores:
445 3077 606 3146 Naufragum
617 3075 753 3128 Simonidis.
772 3105 803 3115 -
817 3094 840 3124 a.
857 3075 983 3135 Editores,
1000 3075 1105 3124 εἰνσαὶνι.

268 3189 292 3236 3.
307 3186 355 3237 Sic.
370 3215 403 3225 -
421 3197 445 3246 t.
460 3187 517 3248 Sic,
531 3204 576 3255 pro
584 3186 677 3252 saeuas.

271 3291 295 3339 5.
315 3290 414 3340 Rectius
430 3290 537 3350 Tollius,
558 3289 659 3352 Reduc,
679 3307 752 3357 quem
770 3290 896 3340 lectionem
917 3289 973 3340 item
987 3305 1002 3338 a
1014 3287 1075 3338 Cod.
1087 3287 1225 3338 Perottianu

233 3382 314 3432 datam
333 3380 425 3448 recepit
440 3379 578 3432 Schwehius
594 3385 626 3431 V.
641 3383 677 3432 ΕΙ.

270 3489 297 3536 6.
310 3491 375 3537 Bene
388 3486 503 3549 editores,
519 3485 626 3555 pelagio.

270 3609 293 3654 n.
302 3591 415 3655 Pithoeus,
424 3593 488 3642 Coeo.
497 3592 565 3642 Prius
572 3597 705 3643 tenuvuet
715 3587 801 3651 Sicinio,
809 3589 912 3640 lectione
921 3587 1016 3640 Codicis
1025 3586 1115 3655 (Scitin)
1123 3589 1227 3656 scripte,

235 3683 381 3750 inductaque
396 3683 489 3751 abipso
503 3683 528 3734 in
539 3684 646 3750 margine
655 3682 786 3751 apographi
798 3684 857 3748 ejus.
868 3683 954 3747 Neque
965 3679 1079 3731 audiendi
1095 3682 1223 3732 Neveletus

236 3784 324 3826 testans
335 3775 363 3825 in
376 3775 435 3826 Cod.
445 3775 569 3826 Pithoeano
580 3792 630 3826 esse
641 3771 746 3835 Scithia,
763 3789 841 3840 neque
851 3773 979 3835 Heinsius,
990 3773 1032 3841 qui
1043 3771 1117 3822 Sitdia
1127 3772 1173 3838 legi
1182 3773 1225 3824 eit.

235 3867 373 3920 Schwebins
386 3883 442 3918 vero
458 3885 487 3918 ex
504 3868 663 3935 Cuninghami
677 3867 858 3928 emendatione,
875 3867 931 3916 Cea.

270 3977 294 4024 8.
309 3973 364 4024 Sic.
382 3989 425 4040 pro
443 3974 481 4024 Hi.
498 4002 531 4012 -
548 3990 573 4037 9.
588 3974 635 4024 sic.
