3144 5218
417 629 487 698 218
560 649 702 696 ramum
730 614 1204 711 ranussnmrmn.1v‚rsn.
1231 651 1293 696 ao.

640 873 843 943 VULPIS
879 876 939 944 ET
967 875 1174 944 DRACO.

415 1079 569 1162 vuius,
587 1074 695 1145 cubile
713 1075 863 1162 fodiens,
883 1075 963 1144 dum
983 1091 1105 1146 terram
1123 1072 1234 1144 eruit*
1349 1073 1405 1134 *7⁴

413 1200 561 1293 Agitque
578 1197 710 1292 plures¹
736 1196 834 1266 altius
852 1185 1048 1284 cuniculos,

413 1321 567 1391 Pervenit
587 1319 630 1387 ad
655 1319 820 1388 Draconis
842 1318 1036 1413 speluncam
1056 1318 1207 1390 ultimam
1221 1331 1257 1407 ²,

412 1451 628 1524 Custodiebat
646 1451 704 1545 qui
725 1449 899 1519 thesauros
917 1449 1059 1520 abditos.

411 1579 511 1644 Hunc
527 1571 625 1642 simul
644 1573 772 1668 aspexit
792 1599 799 1640 :
822 1576 896 1642 Oro
915 1588 954 1641 ut
977 1573 1208 1668 imprudentia

411 1702 480 1767 Des
498 1699 646 1793 primum
665 1697 795 1765 veniam
807 1687 844 1783 33
865 1695 985 1765 deiude
1000 1698 1028 1765 si
1046 1696 1184 1790 pulchre
1201 1699 1298 1770 vides

411 1823 524 1911 Quam
541 1845 610 1888 non
634 1819 836 1889 conveniens
855 1843 977 1888 aurum
996 1819 1040 1888 sit
1061 1819 1137 1888 vitae
1153 1845 1254 1908 mea,

412 1942 626 2036 Respondeas
644 1938 834 2009 clementer.
857 1943 970 2031 Quem
987 1941 1133 2012 fructum
1151 1944 1243 2038 capis
1275 1953 1278 1958 ’

412 2067 486 2133 Ηοο
503 2088 543 2132 ex
564 2061 697 2149 labore,
720 2061 850 2156 quodve
868 2062 1026 2160 tantuml
1044 2079 1106 2134 est·
1112 2065 1309 2160 praemium,

412 2189 462 2256 Ut
478 2200 592 2255 careas
614 2209 732 2254 somno
751 2198 784 2252 et
802 2207 908 2252 aevum
929 2185 965 2253 in
986 2175 1136 2256 tenebris⁴
1154 2189 1297 2282 exigas?

413 2306 572 2395 Nullum,
590 2307 700 2401 inquit
718 2303 792 2393 ille,
810 2331 927 2375 verum
945 2308 1013 2377 boc
1031 2298 1188 2378 εοιῐιιῐιο5
1208 2310 1292 2379 mihi

347 2457 350 2463 ’
413 2434 495 2500 Jove
512 2429 720 2499 adtributum
738 2442 798 2497 est.
821 2433 911 2524 Ergo
934 2456 996 2499 nee
1016 2433 1119 2502 sumis
1136 2432 1222 2520 tibi,

412 2554 483 2622 Nec
500 2549 560 2620 ulli
579 2550 683 2618 donas
701 2549 880 2643 quicquam
897 2549 912 2616 P
931 2551 987 2620 Sic
1003 2551 1079 2622 fatis
1097 2550 1218 2646 placet.

413 2673 501 2742 Nolo
524 2672 695 2760 irascaris,
715 2670 818 2741 libere
840 2672 867 2740 si
884 2671 1024 2742 dixero:

413 2791 499 2863 Dis6
519 2811 569 2864 est
587 2796 677 2864 iratis
698 2808 795 2863 natus
816 2795 875 2889 qui
894 2811 943 2864 est
962 2797 1079 2868 similis
1102 2799 1171 2868 tibi.

755 3017 798 3063 ru
829 3001 1051 3060 svaau1u7.

416 3186 579 3256 Abiturus
601 3166 681 3254 illuc
703 3212 770 3281 quo
792 3189 920 3282 priores
943 3189 1118 3275 abierunt,

416 3309 509 3401 Quid
529 3323 640 3377 mente
660 3334 745 3380 caeca
766 3312 924 3380 miserum
943 3327 1079 3406 torques
1097 3313 1278 3406 spiritum?

454 3539 474 3569 1.
491 3517 596 3569 Pithoeus
609 3516 710 3568 inseruit
723 3527 760 3578 et,
779 3518 849 3569 metri
866 3517 948 3584 gratia.

452 3627 474 3659 α.
492 3609 526 3658 Cl.
540 3605 654 3659 Schwabe
667 3624 681 3656 e
696 3606 756 3657 Cod.
772 3610 824 3658 Per.
835 3607 946 3656 intimam.
963 3633 995 3643 -
1013 3609 1036 3655 3.
1051 3606 1136 3668 Prius,
1154 3624 1261 3656 aeneam.

452 3709 475 3756 a.
491 3704 561 3750 Errat
579 3698 673 3751 Gudius
688 3714 743 3749 cum
762 3698 843 3748 asserit
860 3698 900 3749 bie
913 3715 963 3750 esse
976 3698 1001 3748 in
1016 3698 1077 3749 Cod.
1094 3697 1160 3767 quod
1170 3712 1273 3752 nemun.

452 3793 475 3840 5.
491 3795 526 3840 Ex
542 3791 705 3850 correctione,
725 3807 741 3839 a
756 3807 851 3840 summo.
869 3795 950 3842 Recte.
965 3818 998 3828 -
1016 3794 1040 3840 6.
1057 3795 1133 3842 Recte
1149 3792 1276 3856 Pitbcens,
1296 3795 1357 3844 Diis.

453 3903 475 3945 7.
492 3887 559 3933 Hanc
572 3883 751 3949 inscriptionem
765 3884 895 3935 omiserunt
908 3884 1019 3935 editores.
1034 3889 1122 3936 Versus
1135 3886 1200 3936 enim
1213 3897 1339 3953 sequentes
1355 3883 1400 3953 epi·

418 3978 484 4040 lngus
498 3985 553 4025 suut
568 3975 673 4040 ejusdem
686 3974 778 4025 labuloe.
