3144 5218
358 680 428 727 210
490 681 632 728 nnnnnr
651 680 869 727 rnnunnnnns
887 676 1116 743 nnn.1v,rnn.
1146 660 1198 741 nd.

352 1201 573 1297 *¹Postquam
592 1202 726 1276 lavare’
749 1194 860 1295 cepit³
880 1201 1091 1297 penitenttat
1287 1205 1301 1232 ⁸*
1314 1216 1351 1267 7⁰

358 1328 387 1394 Α
409 1312 573 1395 fictione⁵
596 1326 717 1394 veretri
737 1323 886 1420 linguam
909 1323 1086 1394 mulieris:

357 1446 571 1518 Adfluitatem
589 1450 690 1516 traxit
707 1447 785 1517 inde
804 1449 992 1519 obscenitas
1002 1444 1029 1519 ⁶.

394 1681 416 1714 1.
432 1664 520 1731 Incipit
539 1681 591 1731 png.
606 1681 653 1726 70,
671 1664 712 1714 iol.
729 1673 803 1714 recto.
823 1667 859 1714 Ex
882 1663 926 1714 han
944 1664 1098 1730 dispositione
1119 1665 1281 1732 paginarum,
1303 1666 1356 1716 sine

358 1755 406 1804 ullu
419 1754 551 1804 omissionis
565 1764 635 1813 note,
652 1754 721 1805 facile
731 1753 856 1822 apparebit
874 1771 966 1804 versum
980 1755 1048 1805 illum
1060 1755 1168 1822 duosque
1179 1755 1357 1822 subsequentes

360 1847 487 1898 clausulam
499 1845 573 1898 tuisse
584 1846 670 1898 tabnlse
681 1847 824 1914 deperditur,
839 1863 917 1912 neque
929 1846 995 1897 hunc
1005 1863 1100 1898 versum
1113 1865 1127 1900 a
1141 1847 1234 1898 duobus
1247 1849 1300 1902 diis
1313 1865 1350 1900 se-

357 1940 427 2006 jungi
434 1955 515 2007 posse,
526 1939 559 1989 its
568 1948 594 1989 ut
602 1939 688 1990 tshntae
696 1939 840 2007 praeoedenti
847 1940 1008 1996 adscribatur:
1018 1940 1084 2006 quod
1092 1940 1254 1991 Derbiiionins
1264 1942 1358 2008 aliique

359 2033 495 2083 voluerunt.
511 2061 544 2070 -
561 2050 584 2082 n.
603 2033 656 2093 Sic,
671 2048 716 2100 pro
728 2031 810 2082 labare
820 2033 892 2084 simili
905 2033 1123 2101 pronunciatione,
1140 2043 1167 2084 ut
1180 2050 1243 2102 saepe
1256 2034 1323 2084 alibi.

395 2126 419 2174 3.
435 2122 491 2182 Sic,
507 2122 684 2190 prorupit-
698 2133 722 2182 4.
736 2124 786 2174 sio.
803 2127 891 2185 Recte,
908 2134 935 2174 ut
948 2124 1018 2174 nobis
1032 2125 1130 2191 quidem
1144 2124 1258 2186 videtur,
1277 2125 1359 2191 ltignl-

361 2215 425 2277 tins,
435 2216 503 2284 penis
515 2215 604 2272 tentio,
624 2216 665 2265 vet
678 2215 788 2276 Gudius,
806 2217 943 2284 penitentie.

394 2309 418 2360 5.
434 2309 481 2360 Sin.
497 2313 572 2360 Recte
585 2309 716 2370 Heinsius,
734 2308 887 2374 Affis'ctmue.

391 2401 416 2449 6.
434 2400 562 2451 Adfirmare
575 2401 614 2451 vix
628 2400 713 2451 dubito
733 2410 779 2451 tres
791 2400 836 2452 hos
855 2417 937 2451 vorsus
955 2417 1005 2451 osse
1024 2401 1186 2467 fragmentum
1203 2399 1289 2451 inbuite
1309 2401 1354 2451 ob·

361 2507 453 2552 seem,
467 2492 507 2543 cui
518 2492 599 2543 titulus
612 2501 662 2542 erut
674 2489 798 2550 Ptaedrus,
813 2501 855 2542 out
867 2494 978 2561 AEsopus,
994 2502 1036 2544 aut
1045 2497 1145 2552 Auctor,
1160 2501 1202 2544 unt
1210 2497 1300 2550 Poeta,
1313 2502 1356 2542 aut

361 2584 465 2651 denique
476 2583 642 2641 Pronsetdeus.
655 2595 683 2636 ut
694 2602 723 2636 ex
741 2586 811 2636 titulo
822 2587 941 2653 sequentis
954 2585 1056 2645 inbuto,
1074 2585 1153 2647 Idem,
1167 2595 1246 2653 potest
1256 2585 1354 2653 conlisi.

360 2677 435 2743 Igitur
446 2686 493 2726 tres
504 2677 548 2727 hos
559 2693 639 2727 versus
648 2678 681 2727 itu
692 2677 807 2738 scribam,
820 2677 962 2730 subaudiens
972 2679 998 2729 in
1006 2688 1112 2731 extremo
1120 2696 1188 2730 versu
1196 2679 1356 2749 procedente

361 2777 385 2818 et
397 2767 540 2839 deperdito,
555 2769 657 2819 verbum
670 2769 807 2836 quoddam,
825 2778 853 2821 ut

712 2901 786 2914 ·····
798 2862 958 2930 [uentu]

477 2957 605 3022 Postquam
616 2953 698 3004 labare
714 2957 782 3025 eoepit
795 2959 864 3026 persis
880 2959 969 3016 tensio,

476 3043 614 3110 Afflictioni
628 3048 716 3096 veretri
733 3045 839 3116 linguam
852 3048 975 3100 mulieris:

511 3134 663 3198 Adfim'tatem
676 3140 751 3189 trusit
765 3139 819 3189 iude
832 3139 973 3192 obscenitas.

363 3226 434 3289 Sive,
450 3226 514 3279 nullu
530 3244 588 3279 sore
604 3229 749 3281 subaudita:

476 3324 603 3389 Postquam
615 3319 702 3377 labare,
710 3325 781 3393 eoepit
791 3326 860 3391 penis
879 3325 970 3382 tensio,

474 3411 617 3478 Afflictione
635 3417 723 3464 wetti
746 3415 828 3484 lingua
848 3416 950 3467 mulieris

476 3504 628 3570 Adfiuitatem
640 3509 720 3559 uasis.
736 3509 797 3558 Inde
815 3507 953 3560 obscenitas.

360 3599 478 3648 Ceterum
493 3622 505 3642 u
515 3599 574 3667 quid
584 3600 625 3651 hio
643 3603 801 3669 presumserit,
822 3603 901 3669 inquit
912 3599 1102 3660 Maeandrius,
1121 3614 1166 3648 nee
1186 3598 1246 3649 libet
1262 3614 1307 3649 nen
1320 3598 1356 3648 im

359 3699 394 3740 est
410 3689 523 3742 dirinue.
532 3715 545 3735 a
564 3693 627 3744 Vide
637 3693 669 3745 ud
679 3694 767 3745 minem
777 3695 906 3746 sniuminis
919 3693 1042 3760 exemplu
1052 3692 1124 3760 hujus
1135 3691 1228 3760 pugio·
1241 3707 1271 3742 en
1281 3690 1356 3741 modu

363 3797 499 3850 expressum
519 3800 589 3850 quem
602 3785 733 3849 sac-simile
750 3788 823 3840 hodie
837 3804 957 3840 vouumns.

743 4045 976 4070 *nmmum
