3144 5218
424 630 495 717 246
560 655 703 702 rupuar
725 655 948 704 urrunnun
969 656 1035 702 ur.
1055 656 1113 721 ιν,
1133 657 1210 704 ran.
1235 635 1295 720 34.

517 887 691 956 POETA
723 888 791 957 ΑΙ)
820 887 1305 964 PARTICULONEM1.

420 1085 567 1158 *Aunuc
589 1102 771 1181 supersunt
787 1085 918 1172 multa,
939 1109 1014 1180 quae
1031 1089 1158 1183 possim
1174 1087 1288 1184 loqui,
1370 1081 1416 1134 *⁵⁸

419 1214 465 1280 Et
483 1210 618 1305 copiosa
635 1209 787 1280 abundat
804 1234 917 1279 rerum
937 1210 1081 1280 varietas
1098 1238 1108 1296 ;

420 1333 487 1406 Sed
504 1344 714 1430 temperate²
734 1356 851 1402 suaves
869 1347 949 1402 sunt
967 1333 1125 1427 argutiae,

418 1453 629 1530 Immodica³
652 1456 839 1527 offendunt.
860 1458 993 1545 Quare,
1011 1457 1064 1525 vir
1084 1458 1321 1548 sanctissime,

417 1583 603 1670 Particulo,
624 1579 729 1652 artis¹l
749 1607 871 1652 nomen
890 1570 1063 1652 viturum⁵
1085 1582 1185 1668 meis,

414 1708 544 1777 Latinis
563 1707 643 1776 dum
662 1708 811 1778 manebit
831 1701 1012 1802 praetium⁶
1033 1705 1173 1794 litteris,

414 1831 449 1901 Si
467 1856 536 1900 non
553 1831 749 1925 ingenium,
769 1847 859 1902 certe
879 1832 1074 1901 brevitatem
1095 1831 1261 1927 adprobat
1272 1842 1302 1918 7,

415 1955 500 2042 Quae
518 1955 746 2024 commendari
764 1970 859 2024 tanto
879 1955 978 2025 debet
993 1956 1133 2051 justius,

414 2079 553 2166 Quanto
578 2091 683 2171 poetae
706 2092 785 2147 sunt
805 2075 936 2148 molesti
961 2077 1116 2149 validius.

450 2307 471 2339 r.
485 2294 535 2341 llos
554 2305 635 2340 versus
649 2289 769 2358 epilogum
786 2290 843 2342 libri
855 2293 936 2358 quarti
949 2293 1058 2344 lacerum
1070 2293 1183 2346 editores.

448 2398 472 2431 n.
489 2381 535 2432 Sin
554 2409 587 2418 -
607 2384 631 2430 3.
648 2387 714 2433 Bene
727 2383 915 2446 Ritterslrusius‚
935 2383 1081 2436 Immodicae.

447 2485 472 2533 4.
491 2474 590 2541 Optime
601 2472 720 2535 Pitlroeus,
737 2471 830 2525 chartis.

448 2569 472 2618 5.
491 2573 538 2618 Pro
552 2568 683 2626 victurus.
706 2578 732 2619 ut
749 2578 814 2620 recte
831 2568 945 2621 Pithoeus.
962 2570 1042 2622 l‘rirno
1059 2572 1183 2641 scripserat
1199 2572 1313 2626 librarius
1331 2583 1406 2625 noster

413 2662 546 2724 virturrmr,
557 2661 663 2713 litterar
678 2661 794 2729 (priore)
812 2663 891 2714 statim
905 2673 1032 2732 expuncta.

447 2757 472 2804 6.
488 2754 533 2805 Sir.
548 2781 581 2792 -
597 2772 621 2816 ‘l-
636 2757 712 2806 Rarts
725 2755 846 2817 Pithoeus‚
864 2753 980 2825 adprobo.

830 3271 993 3599 {ll
