3140 5212
407 649 471 717 108

674 670 851 716 conteis
880 669 1097 716 anninusts

601 798 707 851 loeutus

600 877 714 930 libenter
726 897 840 952 prorsus

599 967 638 1010 est
650 957 726 1010 bono

594 1038 693 1090 Scurra
706 1048 733 1090 et
745 1038 875 1090 Rusticus

596 1118 684 1171 Pravo

597 1196 651 1248 labi

597 1277 714 1342 Scurra,
726 1285 808 1328 notus

597 1372 681 1407 vacua
759 1377 762 1387 κ

596 1434 732 1498 imitatus,
744 1451 799 1486 suae

535 1521 545 1540 ⁸
599 1510 796 1566 contenderent

594 1591 723 1662 juberent
735 1613 741 1645 ε

595 1670 721 1726 laudibus

596 1751 674 1805 favor

597 1830 714 1883 derisuri

596 1910 743 1980 spectaturi
757 1909 850 1961 sedent

597 1989 729 2042 Rusticus

595 2068 661 2137 quia
679 2066 720 2119 nil

596 2158 784 2218 compererant

601 2227 729 2280 Sourram

598 2304 703 2377 profert

596 2387 660 2439 sinu

594 2463 723 2518 Pbaedrus
755 2464 790 2517 ad
821 2464 974 2517 Particulo-

637 2561 699 2598 nem

598 2635 754 2690 Immodicae

596 2714 696 2767 chartis

595 2793 717 2864 adproba

478 2872 546 2925 VIII
599 2875 663 2925 Duo
684 2870 751 2924 calvi

598 3029 705 3098 inquit,
718 3039 758 3081 est
769 3046 913 3082 commune

419 3103 455 3158 63
477 3109 532 3161 VII
591 3108 721 3179 Princeps
735 3107 835 3161 tibicen

595 3185 714 3240 derisum
727 3188 809 3241 stulta

597 3285 625 3318 m
640 3283 719 3319 scena

598 3363 692 3417 pegma

578 3428 650 3480 ‘Nec
667 3428 782 3498 opinans

592 3746 665 3796 Duas
677 3761 740 3797 cum

593 3839 678 3889 genus

746 3901 894 3970 ingredier:
908 3921 970 3956 cum

591 3976 704 4033 adducit
723 3981 850 4051 pretio

592 4058 749 4112 tonitrubus

964 855 967 864 ,
1015 798 1145 869 loquutus

1014 895 1126 948 prorsus
1138 879 1253 933 libenter

1015 958 1088 1011 bono
1105 969 1145 1012 est

1015 1037 1117 1093 Scurra
1131 1039 1249 1092 rusticus

1013 1117 1099 1169 Parvo

1015 1195 1065 1249 levi

935 1286 937 1298 ’
1015 1277 1115 1328 Scurra
1126 1288 1207 1330 notus

1015 1371 1125 1408 vacuam

1016 1433 1136 1488 imitatus
1151 1455 1200 1490 sua

1015 1515 1191 1568 contenderet

1011 1593 1142 1664 juberent
1150 1636 1159 1663 ,

1014 1674 1137 1727 lancibus

1016 1753 1106 1808 favore

1015 1833 1153 1886 derisurus

1014 1923 1225 1984 exspectaturos.
1241 1914 1282 1967 sit
1296 1925 1322 1967 et

1014 1993 1122 2046 rusticis

1014 2071 1079 2143 quia
1095 2072 1165 2126 nibil

1015 2162 1182 2224 compererat

1015 2233 1115 2284 Scurra

1014 2310 1135 2382 proferet

1014 2392 1075 2444 sino

1014 2473 1096 2524 Poeta
1111 2468 1146 2522 ad
1161 2469 1362 2522 Particulonem

1015 2627 1164 2680 Immodicu

1015 2709 1079 2760 artis

1015 2787 1147 2858 adprobat

1014 2867 1111 2920 Calvus
1122 2876 1149 2920 et
1162 2867 1276 2938 quidam
1290 2865 1351 2938 pilis

1014 2944 1135 2999 defectus

1014 3026 1119 3096 inquit,
1135 3044 1280 3080 commune

1013 3107 1120 3158 Procax
1131 3106 1233 3159 tibicen

1014 3183 1134 3238 derisum
1150 3196 1177 3239 et
1191 3184 1274 3239 stulu

1012 3265 1042 3315 in
1054 3264 1140 3318 ebena

1013 3361 1107 3413 pecms

1013 3425 1054 3475 Ne
1063 3424 1152 3496 eopia.
1162 3423 1192 3476 Il
1203 3419 1395 3494 semblequ'il

1046 3519 1070 3570 y
1082 3502 1159 3556 avait
1170 3502 1293 3577 quelque
1307 3500 1394 3556 chose

1051 3582 1202 3638 an-desrus
1214 3581 1250 3636 dc
1265 3600 1298 3636 ee
1310 3593 1371 3636 mot
1383 3621 1392 3648 ‚

1051 3672 1078 3714 et
1092 3664 1179 3734 qu’on
1195 3665 1237 3717 l’a
1251 3661 1355 3735 effac&

1010 3744 1085 3794 Duas
1101 3758 1188 3812 quum

1010 3838 1094 3890 genus
1106 3861 1114 3888 ‚

1011 3899 1111 3952 abduci
1122 3919 1199 3955 reum
1214 3905 1318 3974 ingredi
1333 3924 1349 3958 a
1361 3926 1392 3960 se

1012 3979 1105 4032 reduci
1121 3983 1211 4052 pretio

1012 4059 1159 4114 tonitribus
