3140 5212
393 682 458 730 aaa
557 676 700 726 ruem
717 679 933 730 rerumne!
955 682 1024 728 rra.
1041 683 1074 742 1,
1095 683 1172 730 een.
1192 659 1225 728 8.

622 911 805 980 LUPUS
843 913 905 980 ET
945 915 1130 984 GRUIS.

385 1131 458 1222 Qui
484 1129 628 1223 pretium
647 1127 759 1196 meriti
780 1126 822 1194 ab
840 1126 1003 1219 improbis
1021 1125 1209 1212 desiderat,

383 1255 439 1324 Bis
461 1267 602 1347 peccat:
623 1253 771 1347 primum
789 1249 948 1343 quoniam
966 1250 1111 1346 dignos¹
1139 1250 1300 1346 adjuvat;

386 1381 529 1471 Impune
550 1376 643 1446 abire
660 1374 781 1444 deinde
804 1375 884 1468 quia
902 1375 975 1468 jam
996 1400 1067 1444 non
1087 1390 1208 1469 potest.

437 1503 484 1570 Os
503 1500 700 1570 devoratum
722 1498 817 1569 fauce
835 1523 912 1568 cum
930 1500 1063 1570 hereret
1075 1509 1091 1542 ²
1112 1501 1227 1595 Lupi,

385 1627 513 1718 Magno
532 1622 648 1694 dolore
664 1624 795 1709 victus,
819 1624 920 1717 coepit
942 1622 1093 1719 singulos

385 1744 525 1816 Inlicere
548 1748 679 1841 pretio,
701 1760 740 1815 ut
758 1744 841 1815 illud
863 1747 1075 1816 extraherent
1091 1745 1225 1816 malurn.

386 1871 536 1941 Tandem
554 1895 711 1966 persuasa
728 1885 779 1939 est
796 1869 1013 1964 jurejurando
1033 1873 1158 1958 Gruis3

387 1983 565 2089 Guleque³
590 1993 727 2063 credens
746 1992 823 2063 colli
847 1992 1113 2088 longitudinem,

389 2116 615 2188 Periculosam
633 2116 712 2187 fecit
732 2116 933 2186 medicinam
948 2120 1059 2212 Lupo.

386 2245 453 2312 Pro
472 2265 540 2334 quo
559 2265 637 2310 cum
649 2239 762 2310 factu⁴
783 2239 948 2334 flagitaret
964 2230 1178 2334 premium⁵:

384 2369 524 2460 Ingrata
537 2389 590 2452 es,
612 2365 743 2460 inquit,
768 2388 826 2433 ore
843 2388 918 2458 quae
937 2379 1052 2433 nostro
1070 2381 1173 2460 caput

385 2484 583 2562 Incolume⁶
609 2487 784 2559 abstuleris
806 2504 840 2558 et
860 2480 1047 2558 mercedem
1066 2489 1223 2584 postulas.

421 2729 443 2761 1.
459 2710 575 2779 simper
587 2709 706 2779 indignos.
722 2739 755 2749 -
772 2729 797 2761 a.
812 2712 860 2762 Sic.
876 2739 910 2749 -
926 2714 950 2763 3.
966 2711 1013 2763 sic.

428 2812 451 2861 4.
475 2801 581 2854 Pithoene
605 2800 710 2866 :sactu
747 2802 841 2855 Gudiua
860 2811 974 2872 pmmaa,
999 2821 1072 2872 qaum
1097 2807 1257 2873 conjecturam
1283 2807 1375 2874 recepit

386 2893 500 2946 Schwabe
518 2898 549 2945 V.
567 2895 604 2946 cl.

422 2987 445 3035 5.
460 2985 507 3036 sie.
523 2987 591 3036 -6,
607 2985 662 3048 Sic,
677 2984 861 3053 prolambere.

799 3417 961 3746 ἓξ
