<?xml version="1.0" encoding="UTF-8"?>
<!DOCTYPE html PUBLIC "-//W3C//DTD XHTML 1.0 Transitional//EN"
    "http://www.w3.org/TR/xhtml1/DTD/xhtml1-transitional.dtd">
<html xmlns="http://www.w3.org/1999/xhtml" xml:lang="en" lang="en">
 <head>
  <title>
</title>
<meta http-equiv="Content-Type" content="text/html;charset=utf-8" />
  <meta name='ocr-system' content='tesseract 3.04.00' />
  <meta name='ocr-capabilities' content='ocr_page ocr_carea ocr_par ocr_line ocrx_word'/>
</head>
<body>
  <div class='ocr_page' id='page_1' title='image "./fabularumaesopi00phaegoog_0249.png"; bbox 0 0 3144 5218; ppageno 0'>
   <div class='ocr_carea' id='block_1_1' title="bbox 389 635 1251 724">
    <p class='ocr_par' dir='ltr' id='par_1_1' title="bbox 389 635 1251 724">
     <span class='ocr_line' id='line_1_1' title="bbox 389 635 1251 724; baseline -0.008 -14"><span class='ocrx_word' id='word_1_1' title='bbox 389 641 457 724; x_wconf 68' lang='lat'><strong>²42</strong></span> <span class='ocrx_word' id='word_1_2' title='bbox 532 659 675 708; x_wconf 74' lang='lat' dir='ltr'><strong>mom</strong></span> <span class='ocrx_word' id='word_1_3' title='bbox 691 658 911 706; x_wconf 76' lang='lat' dir='ltr'><strong>rmunmmr</strong></span> <span class='ocrx_word' id='word_1_4' title='bbox 934 657 1000 704; x_wconf 77' lang='lat' dir='ltr'><strong>mr.</strong></span> <span class='ocrx_word' id='word_1_5' title='bbox 1019 657 1075 722; x_wconf 77' lang='grc' dir='ltr'><strong>ιν,</strong></span> <span class='ocrx_word' id='word_1_6' title='bbox 1090 659 1169 705; x_wconf 74' lang='grc' dir='ltr'><strong>ω.</strong></span> <span class='ocrx_word' id='word_1_7' title='bbox 1191 635 1251 707; x_wconf 77' lang='lat'><strong>32.</strong></span> 
     </span>
    </p>
   </div>
   <div class='ocr_carea' id='block_1_2' title="bbox 578 892 1186 963">
    <p class='ocr_par' dir='ltr' id='par_1_2' title="bbox 578 892 1186 963">
     <span class='ocr_line' id='line_1_2' title="bbox 578 892 1186 963; baseline -0.005 -1"><span class='ocrx_word' id='word_1_8' title='bbox 578 893 733 963; x_wconf 81' lang='lat' dir='ltr'><strong>ASINI</strong></span> <span class='ocrx_word' id='word_1_9' title='bbox 766 893 832 961; x_wconf 91' lang='lat' dir='ltr'><strong>ET</strong></span> <span class='ocrx_word' id='word_1_10' title='bbox 865 892 1186 960; x_wconf 87' lang='lat' dir='ltr'>PORCELLI¹.</span> 
     </span>
    </p>
   </div>
   <div class='ocr_carea' id='block_1_3' title="bbox 388 1093 1335 1929">
    <p class='ocr_par' dir='ltr' id='par_1_3' title="bbox 388 1093 1335 1806">
     <span class='ocr_line' id='line_1_3' title="bbox 388 1093 1335 1186; baseline -0.004 -20"><span class='ocrx_word' id='word_1_11' title='bbox 388 1097 542 1186; x_wconf 74' lang='lat' dir='ltr'><strong>Qurnffl</strong></span> <span class='ocrx_word' id='word_1_12' title='bbox 563 1094 767 1165; x_wconf 80' lang='lat' dir='ltr'><strong>immolasset</strong></span> <span class='ocrx_word' id='word_1_13' title='bbox 787 1119 917 1164; x_wconf 88' lang='lat' dir='ltr'><strong>verrem</strong></span> <span class='ocrx_word' id='word_1_14' title='bbox 935 1120 1014 1164; x_wconf 90' lang='lat' dir='ltr'><strong>cum</strong></span> <span class='ocrx_word' id='word_1_15' title='bbox 1031 1109 1148 1164; x_wconf 76' lang='lat' dir='ltr'><strong>sancto</strong></span> <span class='ocrx_word' id='word_1_16' title='bbox 1166 1093 1335 1180; x_wconf 85' lang='lat' dir='ltr'>Herculi,</span> 
     </span>
     <span class='ocr_line' id='line_1_4' title="bbox 389 1217 1100 1314; baseline 0.001 -26"><span class='ocrx_word' id='word_1_17' title='bbox 389 1219 487 1310; x_wconf 79' lang='lat' dir='ltr'><strong>Qui²</strong></span> <span class='ocrx_word' id='word_1_18' title='bbox 511 1242 574 1314; x_wconf 92' lang='lat' dir='ltr'><strong>pro</strong></span> <span class='ocrx_word' id='word_1_19' title='bbox 592 1217 699 1288; x_wconf 83' lang='lat' dir='ltr'><strong>salute</strong></span> <span class='ocrx_word' id='word_1_20' title='bbox 721 1231 835 1288; x_wconf 87' lang='lat' dir='ltr'><strong>votum</strong></span> <span class='ocrx_word' id='word_1_21' title='bbox 855 1217 1000 1288; x_wconf 79' lang='lat' dir='ltr'><strong>debebat</strong></span> <span class='ocrx_word' id='word_1_22' title='bbox 1018 1243 1100 1305; x_wconf 79' lang='lat' dir='ltr'><strong>sua,</strong></span> 
     </span>
     <span class='ocr_line' id='line_1_5' title="bbox 389 1338 1047 1436; baseline -0.002 -26"><span class='ocrx_word' id='word_1_23' title='bbox 389 1339 502 1410; x_wconf 82' lang='lat' dir='ltr'><strong>Asello</strong></span> <span class='ocrx_word' id='word_1_24' title='bbox 517 1341 618 1434; x_wconf 87' lang='lat' dir='ltr'><strong>jussit</strong></span> <span class='ocrx_word' id='word_1_25' title='bbox 637 1338 797 1435; x_wconf 82' lang='lat' dir='ltr'>reliquias</span> <span class='ocrx_word' id='word_1_26' title='bbox 819 1342 899 1436; x_wconf 90' lang='lat' dir='ltr'><strong>poni</strong></span> <span class='ocrx_word' id='word_1_27' title='bbox 917 1340 1047 1410; x_wconf 86' lang='lat' dir='ltr'><strong>hordei.</strong></span> 
     </span>
     <span class='ocr_line' id='line_1_6' title="bbox 391 1463 1088 1560; baseline -0.001 -26"><span class='ocrx_word' id='word_1_28' title='bbox 391 1468 486 1557; x_wconf 86' lang='lat' dir='ltr'><strong>Quas</strong></span> <span class='ocrx_word' id='word_1_29' title='bbox 506 1478 703 1560; x_wconf 83' lang='lat' dir='ltr'><strong>aspernatus</strong></span> <span class='ocrx_word' id='word_1_30' title='bbox 722 1463 844 1535; x_wconf 89' lang='lat' dir='ltr'><strong>illesic</strong></span> <span class='ocrx_word' id='word_1_31' title='bbox 866 1463 999 1534; x_wconf 91' lang='lat' dir='ltr'><strong>locutus</strong></span> <span class='ocrx_word' id='word_1_32' title='bbox 1017 1478 1088 1536; x_wconf 88' lang='lat' dir='ltr'><strong>est:</strong></span> 
     </span>
     <span class='ocr_line' id='line_1_7' title="bbox 390 1582 1252 1683; baseline -0.003 -27"><span class='ocrx_word' id='word_1_33' title='bbox 390 1582 579 1656; x_wconf 78' lang='lat' dir='ltr'><strong>Libenter³</strong></span> <span class='ocrx_word' id='word_1_34' title='bbox 598 1589 722 1657; x_wconf 70' lang='lat' dir='ltr'><strong>tuum‘*</strong></span> <span class='ocrx_word' id='word_1_35' title='bbox 745 1611 881 1683; x_wconf 88' lang='lat' dir='ltr'><strong>prorsus</strong></span> <span class='ocrx_word' id='word_1_36' title='bbox 901 1586 1092 1681; x_wconf 86' lang='lat' dir='ltr'><strong>adpeterem</strong></span> <span class='ocrx_word' id='word_1_37' title='bbox 1111 1586 1252 1672; x_wconf 85' lang='lat' dir='ltr'><strong>cibum,</strong></span> 
     </span>
     <span class='ocr_line' id='line_1_8' title="bbox 389 1708 1187 1806; baseline -0.006 -23"><span class='ocrx_word' id='word_1_38' title='bbox 389 1709 464 1783; x_wconf 85' lang='lat' dir='ltr'><strong>Nisi</strong></span> <span class='ocrx_word' id='word_1_39' title='bbox 481 1712 540 1806; x_wconf 87' lang='lat' dir='ltr'><strong>qui</strong></span> <span class='ocrx_word' id='word_1_40' title='bbox 559 1711 707 1780; x_wconf 86' lang='lat' dir='ltr'><strong>nutritus</strong></span> <span class='ocrx_word' id='word_1_41' title='bbox 726 1709 784 1779; x_wconf 90' lang='lat' dir='ltr'><strong>illo</strong></span> <span class='ocrx_word' id='word_1_42' title='bbox 803 1725 875 1800; x_wconf 92' lang='lat' dir='ltr'><strong>est,</strong></span> <span class='ocrx_word' id='word_1_43' title='bbox 894 1708 1071 1806; x_wconf 82' lang='lat' dir='ltr'><strong>jugulatus</strong></span> <span class='ocrx_word' id='word_1_44' title='bbox 1091 1708 1187 1778; x_wconf 82' lang='lat' dir='ltr'><strong>soret.</strong></span> 
     </span>
    </p>

    <p class='ocr_par' dir='ltr' id='par_1_4' title="bbox 437 1832 1077 1929">
     <span class='ocr_line' id='line_1_9' title="bbox 437 1832 1077 1929; baseline -0.002 -26"><span class='ocrx_word' id='word_1_45' title='bbox 437 1834 549 1926; x_wconf 89' lang='lat' dir='ltr'><strong>Hujus</strong></span> <span class='ocrx_word' id='word_1_46' title='bbox 565 1848 718 1929; x_wconf 85' lang='lat' dir='ltr'><strong>respectu</strong></span> <span class='ocrx_word' id='word_1_47' title='bbox 735 1832 858 1904; x_wconf 85' lang='lat' dir='ltr'><strong>fabulae</strong></span> <span class='ocrx_word' id='word_1_48' title='bbox 877 1833 1077 1920; x_wconf 87' lang='lat' dir='ltr'><strong>deterritus,</strong></span> 
     </span>
    </p>
   </div>
   <div class='ocr_carea' id='block_1_4' title="bbox 388 1946 1088 2051">
    <p class='ocr_par' dir='ltr' id='par_1_5' title="bbox 388 1946 1088 2051">
     <span class='ocr_line' id='line_1_10' title="bbox 388 1946 1088 2051; baseline -0.004 -23"><span class='ocrx_word' id='word_1_49' title='bbox 388 1956 620 2028; x_wconf 91' lang='lat' dir='ltr'><strong>Periculosum</strong></span> <span class='ocrx_word' id='word_1_50' title='bbox 634 1981 766 2051; x_wconf 86' lang='lat' dir='ltr'><strong>semper</strong></span> <span class='ocrx_word' id='word_1_51' title='bbox 785 1957 890 2027; x_wconf 84' lang='lat' dir='ltr'><strong>vitavi</strong></span> <span class='ocrx_word' id='word_1_52' title='bbox 905 1946 921 2000; x_wconf 85' lang='lat'>⁵</span> <span class='ocrx_word' id='word_1_53' title='bbox 944 1957 1088 2028; x_wconf 88' lang='lat' dir='ltr'><strong>lucrum.</strong></span> 
     </span>
    </p>
   </div>
   <div class='ocr_carea' id='block_1_5' title="bbox 386 2065 1387 2314">
    <p class='ocr_par' dir='ltr' id='par_1_6' title="bbox 386 2065 1387 2314">
     <span class='ocr_line' id='line_1_11' title="bbox 389 2065 1387 2190; baseline -0.014 -21"><span class='ocrx_word' id='word_1_54' title='bbox 389 2095 455 2168; x_wconf 86' lang='lat' dir='ltr'><strong>Sed</strong></span> <span class='ocrx_word' id='word_1_55' title='bbox 472 2094 557 2165; x_wconf 88' lang='lat' dir='ltr'><strong>dicis</strong></span> <span class='ocrx_word' id='word_1_56' title='bbox 576 2120 585 2162; x_wconf 90' lang='lat'>:</span> <span class='ocrx_word' id='word_1_57' title='bbox 609 2080 668 2189; x_wconf 92' lang='lat' dir='ltr'><strong>qui</strong></span> <span class='ocrx_word' id='word_1_58' title='bbox 687 2065 829 2190; x_wconf 72' lang='lat' dir='ltr'><strong>rapuere</strong></span> <span class='ocrx_word' id='word_1_59' title='bbox 848 2093 1003 2181; x_wconf 85' lang='lat' dir='ltr'><strong>divitias,</strong></span> <span class='ocrx_word' id='word_1_60' title='bbox 1020 2094 1158 2164; x_wconf 84' lang='lat' dir='ltr'><strong>hahent.</strong></span> <span class='ocrx_word' id='word_1_61' title='bbox 1335 2082 1387 2136; x_wconf 84' lang='lat'><strong>*⁵⁶</strong></span> 
     </span>
     <span class='ocr_line' id='line_1_12' title="bbox 386 2212 1363 2314; baseline -0.008 -22"><span class='ocrx_word' id='word_1_62' title='bbox 386 2221 611 2292; x_wconf 85' lang='lat' dir='ltr'><strong>Numeremus</strong></span> <span class='ocrx_word' id='word_1_63' title='bbox 629 2217 797 2314; x_wconf 84' lang='lat' dir='ltr'><strong>agedum,</strong></span> <span class='ocrx_word' id='word_1_64' title='bbox 816 2218 875 2314; x_wconf 91' lang='lat' dir='ltr'><strong>qui</strong></span> <span class='ocrx_word' id='word_1_65' title='bbox 892 2212 1121 2313; x_wconf 77' lang='lat' dir='ltr'><strong>deprehensi⁶</strong></span> <span class='ocrx_word' id='word_1_66' title='bbox 1137 2217 1363 2312; x_wconf 77' lang='lat' dir='ltr'><strong>perieruntr:</strong></span> 
     </span>
    </p>
   </div>
   <div class='ocr_carea' id='block_1_6' title="bbox 388 2347 1179 2558">
    <p class='ocr_par' dir='ltr' id='par_1_7' title="bbox 388 2347 1179 2558">
     <span class='ocr_line' id='line_1_13' title="bbox 388 2347 1125 2443; baseline -0.007 -26"><span class='ocrx_word' id='word_1_67' title='bbox 388 2349 554 2443; x_wconf 84' lang='lat' dir='ltr'><strong>Majorem</strong></span> <span class='ocrx_word' id='word_1_68' title='bbox 574 2348 708 2417; x_wconf 86' lang='lat' dir='ltr'><strong>turbam</strong></span> <span class='ocrx_word' id='word_1_69' title='bbox 726 2347 924 2443; x_wconf 84' lang='lat' dir='ltr'><strong>punitorum</strong></span> <span class='ocrx_word' id='word_1_70' title='bbox 943 2347 1125 2441; x_wconf 85' lang='lat' dir='ltr'><strong>repperies.</strong></span> 
     </span>
     <span class='ocr_line' id='line_1_14' title="bbox 389 2461 1179 2558; baseline -0.005 -15"><span class='ocrx_word' id='word_1_71' title='bbox 389 2472 510 2543; x_wconf 89' lang='lat' dir='ltr'><strong>Paucis</strong></span> <span class='ocrx_word' id='word_1_72' title='bbox 532 2473 701 2542; x_wconf 86' lang='lat' dir='ltr'><strong>temeritas</strong></span> <span class='ocrx_word' id='word_1_73' title='bbox 719 2471 811 2541; x_wconf 91' lang='lat' dir='ltr'><strong>bono</strong></span> <span class='ocrx_word' id='word_1_74' title='bbox 827 2486 879 2541; x_wconf 88' lang='lat' dir='ltr'><strong>est</strong></span> <span class='ocrx_word' id='word_1_75' title='bbox 890 2461 925 2558; x_wconf 79' lang='lat'><strong>⁸,</strong></span> <span class='ocrx_word' id='word_1_76' title='bbox 944 2469 1062 2540; x_wconf 90' lang='lat' dir='ltr'><strong>multis</strong></span> <span class='ocrx_word' id='word_1_77' title='bbox 1079 2467 1179 2540; x_wconf 86' lang='lat' dir='ltr'><strong>malo.</strong></span> 
     </span>
    </p>
   </div>
   <div class='ocr_carea' id='block_1_7' title="bbox 390 2680 1402 3772">
    <p class='ocr_par' dir='ltr' id='par_1_8' title="bbox 425 2680 1065 2733">
     <span class='ocr_line' id='line_1_15' title="bbox 425 2680 1065 2733; baseline -0.005 0"><span class='ocrx_word' id='word_1_78' title='bbox 425 2700 449 2732; x_wconf 89' lang='lat' dir='ltr'><strong>r.</strong></span> <span class='ocrx_word' id='word_1_79' title='bbox 466 2681 595 2733; x_wconf 78' lang='lat' dir='ltr'><strong>Editores:</strong></span> <span class='ocrx_word' id='word_1_80' title='bbox 614 2684 691 2731; x_wconf 84' lang='lat' dir='ltr'><strong>Homo</strong></span> <span class='ocrx_word' id='word_1_81' title='bbox 707 2691 733 2730; x_wconf 80' lang='lat' dir='ltr'><strong>et</strong></span> <span class='ocrx_word' id='word_1_82' title='bbox 747 2681 844 2731; x_wconf 75' lang='lat' dir='ltr'><strong>Asinus.</strong></span> <span class='ocrx_word' id='word_1_83' title='bbox 861 2709 895 2719; x_wconf 89' lang='lat'>-</span> <span class='ocrx_word' id='word_1_84' title='bbox 912 2697 936 2731; x_wconf 77' lang='lat' dir='ltr'><strong>o.</strong></span> <span class='ocrx_word' id='word_1_85' title='bbox 951 2683 998 2730; x_wconf 81' lang='lat' dir='ltr'><strong>Pro</strong></span> <span class='ocrx_word' id='word_1_86' title='bbox 1012 2680 1065 2730; x_wconf 83' lang='lat' dir='ltr'><strong>Cui.</strong></span> 
     </span>
    </p>

    <p class='ocr_par' dir='ltr' id='par_1_9' title="bbox 425 2772 795 2840">
     <span class='ocr_line' id='line_1_16' title="bbox 425 2772 795 2840; baseline 0 -16"><span class='ocrx_word' id='word_1_87' title='bbox 425 2779 448 2826; x_wconf 77' lang='lat'><strong>3.</strong></span> <span class='ocrx_word' id='word_1_88' title='bbox 468 2773 554 2836; x_wconf 81' lang='lat' dir='ltr'><strong>Prius,</strong></span> <span class='ocrx_word' id='word_1_89' title='bbox 573 2772 654 2824; x_wconf 81' lang='lat' dir='ltr'><strong>Liberi</strong></span> <span class='ocrx_word' id='word_1_90' title='bbox 670 2785 706 2824; x_wconf 78' lang='lat' dir='ltr'><strong>ter</strong></span> <span class='ocrx_word' id='word_1_91' title='bbox 724 2774 795 2840; x_wconf 81' lang='lat' dir='ltr'><strong>[ric].</strong></span> 
     </span>
    </p>

    <p class='ocr_par' dir='ltr' id='par_1_10' title="bbox 390 2861 1402 3210">
     <span class='ocr_line' id='line_1_17' title="bbox 424 2861 1385 2934; baseline -0.008 -16"><span class='ocrx_word' id='word_1_92' title='bbox 424 2875 449 2925; x_wconf 71' lang='lat' dir='ltr'><strong>t.</strong></span> <span class='ocrx_word' id='word_1_93' title='bbox 461 2866 581 2930; x_wconf 80' lang='lat' dir='ltr'><strong>Pithoeus,</strong></span> <span class='ocrx_word' id='word_1_94' title='bbox 595 2871 672 2916; x_wconf 74' lang='lat' dir='ltr'><strong>Taum</strong></span> <span class='ocrx_word' id='word_1_95' title='bbox 681 2865 795 2918; x_wconf 78' lang='lat' dir='ltr'><strong>libenter:</strong></span> <span class='ocrx_word' id='word_1_96' title='bbox 813 2866 879 2932; x_wconf 89' lang='lat' dir='ltr'><strong>quod</strong></span> <span class='ocrx_word' id='word_1_97' title='bbox 889 2874 993 2934; x_wconf 69' lang='lat' dir='ltr'><strong>prestet.</strong></span> <span class='ocrx_word' id='word_1_98' title='bbox 1005 2864 1101 2915; x_wconf 85' lang='lat' dir='ltr'><strong>Etenim</strong></span> <span class='ocrx_word' id='word_1_99' title='bbox 1113 2887 1127 2906; x_wconf 74' lang='grc' dir='ltr'><strong>α</strong></span> <span class='ocrx_word' id='word_1_100' title='bbox 1139 2861 1291 2930; x_wconf 66' lang='lat' dir='ltr'><strong>transpositu</strong></span> <span class='ocrx_word' id='word_1_101' title='bbox 1302 2861 1385 2911; x_wconf 82' lang='lat' dir='ltr'><strong>millies</strong></span> 
     </span>
     <span class='ocr_line' id='line_1_18' title="bbox 391 2935 1384 3025; baseline -0.009 -15"><span class='ocrx_word' id='word_1_102' title='bbox 391 2983 404 3003; x_wconf 75' lang='grc' dir='ltr'><strong>α</strong></span> <span class='ocrx_word' id='word_1_103' title='bbox 418 2967 474 3010; x_wconf 80' lang='lat' dir='ltr'><strong>sont</strong></span> <span class='ocrx_word' id='word_1_104' title='bbox 490 2974 574 3018; x_wconf 79' lang='lat' dir='ltr'><strong>vocer,</strong></span> <span class='ocrx_word' id='word_1_105' title='bbox 594 2958 650 3025; x_wconf 74' lang='lat' dir='ltr'><strong>quin</strong></span> <span class='ocrx_word' id='word_1_106' title='bbox 664 2957 723 3008; x_wconf 89' lang='lat' dir='ltr'><strong>olim</strong></span> <span class='ocrx_word' id='word_1_107' title='bbox 740 2973 808 3007; x_wconf 87' lang='lat' dir='ltr'><strong>more</strong></span> <span class='ocrx_word' id='word_1_108' title='bbox 819 2957 892 3008; x_wconf 88' lang='lat' dir='ltr'><strong>soluti</strong></span> <span class='ocrx_word' id='word_1_109' title='bbox 905 2955 1021 3008; x_wconf 74' lang='lat' dir='ltr'><strong>emmonis</strong></span> <span class='ocrx_word' id='word_1_110' title='bbox 1043 2955 1137 3022; x_wconf 75' lang='lat' dir='ltr'><strong>scripte</strong></span> <span class='ocrx_word' id='word_1_111' title='bbox 1149 2935 1217 3005; x_wconf 74' lang='lat' dir='ltr'><strong>fuere</strong></span> <span class='ocrx_word' id='word_1_112' title='bbox 1230 2954 1268 3004; x_wconf 74' lang='lat' dir='ltr'><strong>he</strong></span> <span class='ocrx_word' id='word_1_113' title='bbox 1285 2953 1384 3004; x_wconf 74' lang='lat' dir='ltr'><strong>fabule:</strong></span> 
     </span>
     <span class='ocr_line' id='line_1_19' title="bbox 390 3047 1384 3120; baseline -0.007 -18"><span class='ocrx_word' id='word_1_114' title='bbox 390 3077 404 3096; x_wconf 74' lang='grc' dir='ltr'><strong>α</strong></span> <span class='ocrx_word' id='word_1_115' title='bbox 418 3067 493 3120; x_wconf 80' lang='lat' dir='ltr'><strong>quare</strong></span> <span class='ocrx_word' id='word_1_116' title='bbox 504 3051 614 3117; x_wconf 77' lang='lat' dir='ltr'><strong>religiose</strong></span> <span class='ocrx_word' id='word_1_117' title='bbox 626 3051 698 3100; x_wconf 84' lang='lat' dir='ltr'><strong>nimis</strong></span> <span class='ocrx_word' id='word_1_118' title='bbox 706 3050 817 3100; x_wconf 82' lang='lat' dir='ltr'><strong>ordinem</strong></span> <span class='ocrx_word' id='word_1_119' title='bbox 831 3067 942 3112; x_wconf 71' lang='lat' dir='ltr'><strong>uerrere,</strong></span> <span class='ocrx_word' id='word_1_120' title='bbox 955 3051 978 3101; x_wconf 85' lang='lat' dir='ltr'><strong>si</strong></span> <span class='ocrx_word' id='word_1_121' title='bbox 991 3058 1095 3102; x_wconf 87' lang='lat' dir='ltr'><strong>metrum</strong></span> <span class='ocrx_word' id='word_1_122' title='bbox 1104 3047 1194 3106; x_wconf 73' lang='lat' dir='ltr'><strong>solvit,</strong></span> <span class='ocrx_word' id='word_1_123' title='bbox 1207 3047 1307 3096; x_wconf 86' lang='lat' dir='ltr'><strong>stultum</strong></span> <span class='ocrx_word' id='word_1_124' title='bbox 1319 3055 1360 3096; x_wconf 75' lang='lat' dir='ltr'><strong>ost.</strong></span> <span class='ocrx_word' id='word_1_125' title='bbox 1373 3067 1384 3085; x_wconf 85' lang='lat'><strong>·</strong></span> 
     </span>
     <span class='ocr_line' id='line_1_20' title="bbox 391 3137 1402 3210; baseline -0.009 -16"><span class='ocrx_word' id='word_1_126' title='bbox 391 3143 472 3195; x_wconf 84' lang='lat' dir='ltr'><strong>verbe</strong></span> <span class='ocrx_word' id='word_1_127' title='bbox 484 3151 540 3194; x_wconf 84' lang='lat' dir='ltr'><strong>runt</strong></span> <span class='ocrx_word' id='word_1_128' title='bbox 553 3141 672 3194; x_wconf 82' lang='lat' dir='ltr'><strong>Schwabii</strong></span> <span class='ocrx_word' id='word_1_129' title='bbox 684 3142 730 3193; x_wconf 84' lang='lat' dir='ltr'><strong>riri</strong></span> <span class='ocrx_word' id='word_1_130' title='bbox 744 3159 794 3193; x_wconf 88' lang='lat' dir='ltr'><strong>non</strong></span> <span class='ocrx_word' id='word_1_131' title='bbox 807 3143 887 3196; x_wconf 84' lang='lat' dir='ltr'><strong>minor</strong></span> <span class='ocrx_word' id='word_1_132' title='bbox 900 3143 1025 3210; x_wconf 74' lang='lat' dir='ltr'><strong>sagacitate</strong></span> <span class='ocrx_word' id='word_1_133' title='bbox 1037 3139 1240 3208; x_wconf 79' lang='lat' dir='ltr'><strong>quamdoetrim</strong></span> <span class='ocrx_word' id='word_1_134' title='bbox 1252 3137 1384 3188; x_wconf 84' lang='lat' dir='ltr'><strong>eminentis.</strong></span> <span class='ocrx_word' id='word_1_135' title='bbox 1397 3201 1402 3209; x_wconf 37' lang='lat'>¹</span> 
     </span>
    </p>

    <p class='ocr_par' dir='ltr' id='par_1_11' title="bbox 390 3233 1384 3495">
     <span class='ocr_line' id='line_1_21' title="bbox 424 3233 1384 3309; baseline -0.006 -19"><span class='ocrx_word' id='word_1_136' title='bbox 424 3241 449 3291; x_wconf 82' lang='lat'><strong>5.</strong></span> <span class='ocrx_word' id='word_1_137' title='bbox 461 3239 583 3302; x_wconf 86' lang='lat' dir='ltr'><strong>Pithoeus,</strong></span> <span class='ocrx_word' id='word_1_138' title='bbox 596 3240 719 3309; x_wconf 79' lang='lat' dir='ltr'><strong>reputari,</strong></span> <span class='ocrx_word' id='word_1_139' title='bbox 732 3255 798 3290; x_wconf 77' lang='lat' dir='ltr'><strong>mera</strong></span> <span class='ocrx_word' id='word_1_140' title='bbox 811 3240 964 3306; x_wconf 78' lang='lat' dir='ltr'><strong>conjectura,</strong></span> <span class='ocrx_word' id='word_1_141' title='bbox 977 3255 1066 3305; x_wconf 73' lang='lat' dir='ltr'><strong>quam,</strong></span> <span class='ocrx_word' id='word_1_142' title='bbox 1080 3237 1221 3304; x_wconf 77' lang='lat' dir='ltr'><strong>scripturam</strong></span> <span class='ocrx_word' id='word_1_143' title='bbox 1233 3235 1295 3287; x_wconf 88' lang='lat' dir='ltr'><strong>Cod.</strong></span> <span class='ocrx_word' id='word_1_144' title='bbox 1306 3233 1384 3284; x_wconf 78' lang='lat' dir='ltr'><strong>existi-</strong></span> 
     </span>
     <span class='ocr_line' id='line_1_22' title="bbox 391 3323 1384 3406; baseline -0.012 -21"><span class='ocrx_word' id='word_1_145' title='bbox 391 3349 458 3385; x_wconf 82' lang='lat' dir='ltr'><strong>mtnr</strong></span> <span class='ocrx_word' id='word_1_146' title='bbox 470 3331 561 3401; x_wconf 82' lang='lat' dir='ltr'><strong>recepit</strong></span> <span class='ocrx_word' id='word_1_147' title='bbox 577 3331 715 3384; x_wconf 79' lang='lat' dir='ltr'><strong>Schwabius</strong></span> <span class='ocrx_word' id='word_1_148' title='bbox 725 3349 779 3384; x_wconf 87' lang='lat' dir='ltr'><strong>cum</strong></span> <span class='ocrx_word' id='word_1_149' title='bbox 793 3332 863 3394; x_wconf 79' lang='lat' dir='ltr'><strong>eiiis3</strong></span> <span class='ocrx_word' id='word_1_150' title='bbox 876 3331 954 3382; x_wconf 76' lang='lat' dir='ltr'><strong>vitari</strong></span> <span class='ocrx_word' id='word_1_151' title='bbox 964 3341 1060 3394; x_wconf 79' lang='lat' dir='ltr'><strong>autem,</strong></span> <span class='ocrx_word' id='word_1_152' title='bbox 1075 3347 1134 3406; x_wconf 81' lang='lat' dir='ltr'><strong>vera</strong></span> <span class='ocrx_word' id='word_1_153' title='bbox 1144 3328 1231 3391; x_wconf 85' lang='lat' dir='ltr'><strong>lectio,</strong></span> <span class='ocrx_word' id='word_1_154' title='bbox 1251 3337 1278 3378; x_wconf 89' lang='lat' dir='ltr'><strong>ut</strong></span> <span class='ocrx_word' id='word_1_155' title='bbox 1290 3323 1384 3392; x_wconf 69' lang='lat' dir='ltr'><strong>Rigaltii</strong></span> 
     </span>
     <span class='ocr_line' id='line_1_23' title="bbox 390 3405 729 3495; baseline -0.006 -17"><span class='ocrx_word' id='word_1_156' title='bbox 390 3405 541 3495; x_wconf 76' lang='lat' dir='ltr'><strong>conjecturo,</strong></span> <span class='ocrx_word' id='word_1_157' title='bbox 558 3427 673 3494; x_wconf 85' lang='lat' dir='ltr'><strong>rejectum</strong></span> <span class='ocrx_word' id='word_1_158' title='bbox 686 3433 729 3476; x_wconf 83' lang='lat' dir='ltr'><strong>ert.</strong></span> 
     </span>
    </p>

    <p class='ocr_par' dir='ltr' id='par_1_12' title="bbox 423 3511 1385 3586">
     <span class='ocr_line' id='line_1_24' title="bbox 423 3511 1385 3586; baseline -0.009 -18"><span class='ocrx_word' id='word_1_159' title='bbox 423 3521 450 3569; x_wconf 84' lang='grc'><strong>6.</strong></span> <span class='ocrx_word' id='word_1_160' title='bbox 459 3521 535 3570; x_wconf 78' lang='lat' dir='ltr'><strong>Recte</strong></span> <span class='ocrx_word' id='word_1_161' title='bbox 543 3519 663 3580; x_wconf 74' lang='lat' dir='ltr'><strong>editores,</strong></span> <span class='ocrx_word' id='word_1_162' title='bbox 676 3518 747 3569; x_wconf 90' lang='lat' dir='ltr'><strong>metri</strong></span> <span class='ocrx_word' id='word_1_163' title='bbox 754 3535 824 3569; x_wconf 81' lang='lat' dir='ltr'><strong>musa</strong></span> <span class='ocrx_word' id='word_1_164' title='bbox 831 3554 839 3578; x_wconf 88' lang='lat'><strong>,</strong></span> <span class='ocrx_word' id='word_1_165' title='bbox 847 3515 964 3586; x_wconf 75' lang='lat' dir='ltr'><strong>deprensi.</strong></span> <span class='ocrx_word' id='word_1_166' title='bbox 975 3545 1009 3555; x_wconf 92' lang='lat'>-</span> <span class='ocrx_word' id='word_1_167' title='bbox 1019 3534 1042 3578; x_wconf 84' lang='lat'><strong>7.</strong></span> <span class='ocrx_word' id='word_1_168' title='bbox 1051 3515 1138 3566; x_wconf 84' lang='lat' dir='ltr'><strong>Melius</strong></span> <span class='ocrx_word' id='word_1_169' title='bbox 1147 3513 1262 3576; x_wconf 82' lang='lat' dir='ltr'><strong>Pithoeus,</strong></span> <span class='ocrx_word' id='word_1_170' title='bbox 1269 3511 1385 3582; x_wconf 78' lang='lat' dir='ltr'><strong>perierint.</strong></span> 
     </span>
    </p>

    <p class='ocr_par' dir='ltr' id='par_1_13' title="bbox 391 3605 1384 3772">
     <span class='ocr_line' id='line_1_25' title="bbox 424 3605 1384 3677; baseline -0.005 -18"><span class='ocrx_word' id='word_1_171' title='bbox 424 3613 448 3660; x_wconf 89' lang='lat'><strong>8.</strong></span> <span class='ocrx_word' id='word_1_172' title='bbox 464 3615 526 3660; x_wconf 82' lang='lat' dir='ltr'><strong>Item</strong></span> <span class='ocrx_word' id='word_1_173' title='bbox 542 3609 662 3672; x_wconf 81' lang='lat' dir='ltr'><strong>Pithoeus,</strong></span> <span class='ocrx_word' id='word_1_174' title='bbox 680 3620 716 3660; x_wconf 80' lang='lat' dir='ltr'><strong>est</strong></span> <span class='ocrx_word' id='word_1_175' title='bbox 732 3607 802 3661; x_wconf 81' lang='lat' dir='ltr'><strong>bono.</strong></span> <span class='ocrx_word' id='word_1_176' title='bbox 819 3614 876 3660; x_wconf 76' lang='lat' dir='ltr'><strong>fleo</strong></span> <span class='ocrx_word' id='word_1_177' title='bbox 891 3607 1030 3660; x_wconf 70' lang='lat' dir='ltr'><strong>emendatio</strong></span> <span class='ocrx_word' id='word_1_178' title='bbox 1044 3624 1100 3660; x_wconf 85' lang='lat' dir='ltr'><strong>com</strong></span> <span class='ocrx_word' id='word_1_179' title='bbox 1113 3605 1277 3677; x_wconf 70' lang='lat' dir='ltr'><strong>precedente,</strong></span> <span class='ocrx_word' id='word_1_180' title='bbox 1297 3612 1325 3655; x_wconf 88' lang='lat' dir='ltr'><strong>ut</strong></span> <span class='ocrx_word' id='word_1_181' title='bbox 1339 3606 1384 3655; x_wconf 84' lang='lat' dir='ltr'><strong>Co-</strong></span> 
     </span>
     <span class='ocr_line' id='line_1_26' title="bbox 391 3701 767 3772; baseline 0 -18"><span class='ocrx_word' id='word_1_182' title='bbox 391 3701 452 3754; x_wconf 85' lang='lat' dir='ltr'><strong>dicis</strong></span> <span class='ocrx_word' id='word_1_183' title='bbox 464 3701 578 3754; x_wconf 80' lang='lat' dir='ltr'><strong>lectiones</strong></span> <span class='ocrx_word' id='word_1_184' title='bbox 589 3713 645 3756; x_wconf 81' lang='lat' dir='ltr'><strong>runt</strong></span> <span class='ocrx_word' id='word_1_185' title='bbox 658 3711 767 3772; x_wconf 78' lang='lat' dir='ltr'><strong>recepte.</strong></span> 
     </span>
    </p>
   </div>
   <div class='ocr_carea' id='block_1_8' title="bbox 803 3904 965 4073">
    <p class='ocr_par' dir='ltr' id='par_1_14' title="bbox 803 3904 965 4073">
     <span class='ocr_line' id='line_1_27' title="bbox 803 3904 965 4073; baseline 0 0"><span class='ocrx_word' id='word_1_186' title='bbox 803 3904 965 4073; x_wconf 58' lang='lat' dir='ltr'><strong>{etti</strong></span> 
     </span>
    </p>
   </div>
   <div class='ocr_carea' id='block_1_9' title="bbox 0 0 1579 5218">
    <p class='ocr_par' dir='ltr' id='par_1_15' title="bbox 0 0 1579 5218">
     <span class='ocr_line' id='line_1_28' title="bbox 0 0 1579 5218; baseline 0 0"><span class='ocrx_word' id='word_1_187' title='bbox 0 0 1579 5218; x_wconf 95' lang='lat' dir='ltr'><strong> </strong></span> 
     </span>
    </p>
   </div>
  </div>
 </body>
</html>
