3140 5212
368 593 435 664 126
521 613 664 660 rumoni
689 612 906 660 rsuuuanuu
924 613 991 658 mo.
1015 615 1047 672 t,
1069 614 1145 662 rue.
1169 615 1220 662 ra.

559 836 777 906 C'ERVUS
812 837 882 905 AD
913 829 1156 906 FONTEM.

365 1043 548 1110 Ltunerrs
570 1038 725 1126 utiliora,
746 1051 832 1134 que¹
855 1043 1092 1136 contempseris

365 1166 473 1257 Sepe²
501 1163 664 1250 inveniri,
686 1163 756 1232 haec
770 1155 857 1232 erit³
873 1163 1029 1232 narratio.

410 1284 466 1356 Ad
485 1285 612 1354 iontem
631 1273 758 1355 Cervus
776 1310 853 1354 cum
872 1286 1010 1356 bibisset
1032 1289 1168 1375 restitit,

364 1412 408 1478 Et
427 1410 462 1477 in
482 1408 613 1503 liquore
633 1408 718 1478 vidit
739 1408 883 1504 effigiem
907 1435 1011 1480 suam.

362 1531 414 1600 lbi
438 1530 518 1602 dum
537 1556 668 1601 ramosa
688 1531 814 1601 mirans
835 1531 949 1602 laudet
970 1557 1116 1620 cornua,

365 1656 579 1748 Crurumque
598 1655 734 1723 nimiam
758 1654 955 1724 tenuitatem
975 1657 1162 1750 vituperat3

364 1781 558 1847 Venantum
581 1777 692 1846 subito
714 1778 852 1847 vocibus
871 1779 1093 1863 conterritus,

364 1905 428 1971 Per
446 1923 599 1993 campum
621 1898 736 1993 fugere
754 1902 854 1995 coepit
872 1915 904 1969 et
923 1924 1022 1969 eursu
1050 1900 1112 1970 levi

366 2026 475 2093 Canes
497 2020 605 2091 elusit.
629 2021 720 2091 Silva
741 2037 813 2090 tum
831 2013 963 2118 excepit
983 2023 1111 2111 ferum,

366 2150 407 2216 In
429 2142 521 2240 qua*
543 2148 681 2215 retentis
699 2145 879 2240 impeditus
897 2148 1074 2227 cornibus,
1164 2135 1169 2146 ⁸

366 2268 521 2337 Lacerari
541 2268 641 2362 eoepit
659 2268 826 2337 morsibus
848 2269 955 2337 sevist
981 2294 1113 2338 canum.

367 2396 464 2461 Tunc
480 2392 628 2462 moriens
653 2417 768 2460 vocem
792 2391 880 2461 hano
907 2391 1049 2462 edidisse
1072 2393 1217 2463 dieitur:

368 2517 471 2584 Ome
490 2512 654 2583 infelicem
672 2515 730 2608 qui
753 2539 844 2583 nunc
867 2513 1001 2582 demum
1021 2506 1204 2610 intellego⁵

368 2642 417 2708 Ut
434 2637 491 2706 illa
506 2637 590 2707 mihi
608 2661 709 2731 quam
724 2633 740 2678 ⁶
757 2636 990 2730 profuerint7,
1010 2663 1083 2731 quae
1101 2638 1333 2734 despexeram3

369 2764 413 2829 Et
435 2752 528 2855 que⁸
548 2751 720 2832 laudaram
739 2775 901 2853 quantum
921 2760 1030 2831 luctus
1053 2762 1243 2849 habuerint.

407 2969 429 3000 1.
445 2949 500 3009 Sic,
536 2966 564 3000 ro
592 2967 637 3000 uoe.

297 3091 301 3102 ,
404 3059 428 3091 2.
445 3041 492 3091 Sic.
507 2966 540 3079 -l-
559 2967 668 3092 Sitteote
678 3043 782 3107 conjecit
792 3041 897 3092 Pithoeus
909 3058 915 3092 :
926 3044 1012 3105 exerit,
1023 3045 1090 3110 quod
1101 3055 1245 3113 reeuperuut
1255 3046 1362 3097 editores

372 3143 399 3184 ut
412 3150 426 3184 e
441 3132 524 3184 oodiee
540 3133 681 3204 proiectum.

407 3236 431 3284 4.
447 3227 494 3276 sie.
510 3248 543 3288 7⁴·
561 3227 584 3276 ⁵.
601 3231 647 3278 Pro
658 3225 772 3294 intelligo.
788 3256 824 3286 -,
837 3231 861 3277 6.
878 3233 962 3278 Postea
972 3238 1123 3280 comestum:
1145 3247 1193 3300 qua
1205 3240 1260 3282 tum.

406 3336 429 3381 7.
445 3309 533 3370 Melius
545 3319 597 3370 eod.
609 3323 658 3370 Pet.
676 3318 781 3370 Danielis
793 3336 799 3369 :
823 3318 894 3368 Utilia
905 3318 1042 3390 mihiquem
1052 3319 1152 3386 suerint.

406 3414 429 3461 8.
447 3416 493 3464 Pro
504 3429 565 3480 quoe.
584 3411 652 3463 Prius
662 3411 724 3462 nihil
737 3411 784 3461 nisi
801 3427 833 3479 qu
855 3411 926 3476 [sie],
945 3411 1024 3462 littera
1037 3430 1050 3462 e
1062 3413 1249 3467 deiudeedtlita.

783 3658 944 3826 me
