3200 5214
622 661 822 726 nutrice

696 881 770 948 lx.

282 1091 332 1158 Le
354 1100 479 1157 savant
499 1101 536 1158 et
556 1085 778 1186 respectable
796 1091 845 1157 M.
870 1082 1062 1168 Schwabe,
1087 1080 1225 1182 profes·

234 1235 317 1280 seur
341 1208 387 1280 de
404 1210 605 1282 litterature
624 1212 804 1296 ancienne
823 1211 843 1277 a
861 1209 1029 1286 Weimar,
1048 1207 1069 1275 a
1088 1209 1153 1301 qui
1172 1229 1227 1275 ses

235 1330 413 1428 prosonds
429 1347 466 1404 et
480 1334 585 1404 utiles
604 1347 753 1428 travaux
770 1357 833 1402 sur
845 1329 985 1400 Phedre
1003 1342 1069 1400 ont
1087 1329 1227 1423 assigna}

233 1481 306 1526 une
334 1457 436 1554 place
461 1455 753 1528 tres-honorahle
770 1445 895 1554 'parmi
922 1454 974 1523 les
998 1451 1225 1550 philologues

232 1576 359 1665 latins,
378 1578 484 1649 disait
504 1604 550 1649 en
576 1580 685 1668 1802,
707 1578 797 1649 dans
819 1576 965 1647 l'articie
987 1575 1033 1646 de
1054 1574 1089 1645 la
1106 1575 1226 1644 notice

231 1702 402 1773 litteraire
416 1714 428 1748 ¹
448 1703 536 1800 qu'il
550 1728 722 1776 consacre
735 1728 783 1774 au
798 1702 997 1773 manuscrit
1010 1696 1056 1770 de
1069 1697 1200 1769 Pithon
1216 1725 1223 1767 :

230 1855 247 1888 «
268 1829 377 1896 Forte
398 1839 503 1897 erunt
522 1813 596 1924 'qui
622 1852 762 1898 mecum
786 1841 910 1924 optent
935 1841 976 1894 nt
999 1827 1088 1893 ur'rr's
1109 1819 1225 1891 doctis

230 1969 321 2041 qnos
349 1947 508 2019 codicem
537 1967 778 2020 memoratum
803 1954 839 2017 in
863 1943 1032 2016 manibus
1057 1943 1224 2014 habuisse

229 2086 387 2156 constat,
411 2071 571 2159 Pithoeo,
593 2071 746 2170 Bz'galtio
758 2125 768 2157 ,
794 2071 933 2155 Gudio,
956 2073 1130 2140 Brotierio
1144 2067 1226 2166 pia-

231 2197 373 2280 cuisset,
396 2192 668 2292 descriptionem
690 2195 792 2279 libri,
818 2208 985 2264 accurate
1012 2207 1046 2262 et
1069 2191 1221 2289 diligen·

232 2329 301 2398 ter,
327 2331 368 2384 ut
388 2315 506 2387 solent
528 2323 656 2402 critici,
673 2320 820 2408 factam
843 2341 925 2386 cum
950 2316 1081 2385 harum
1102 2338 1222 2385 rerum

231 2436 371 2536 cupidr's
390 2446 660 2512 communicare.
694 2447 814 2534 Quum
837 2447 933 2510 enim
952 2437 1064 2510 codex
1086 2439 1223 2510 Pithoei

231 2588 277 2632 ex
300 2560 465 2635 omnibus
488 2565 635 2664 Phaedri
654 2569 904 2663 manuscriptis
921 2567 968 2633 sit
984 2568 1107 2632 unicus
1119 2614 1131 2646 ‚
1155 2566 1221 2657 qui

229 2701 376 2757 aetatem
400 2685 495 2773 tulit,
515 2684 545 2756 is
566 2686 715 2783 quidem
733 2703 955 2758 momentum
966 2687 1066 2777 facit
1082 2690 1118 2754 in
1136 2707 1221 2753 con-

227 2812 414 2886 troversia,
440 2808 691 2878 recentioribus
707 2809 926 2906 temporibus
943 2809 988 2878 de
1008 2811 1221 2904 antiquitate

207 2991 210 2995 ,
216 2927 444 3019 fabularum
467 2929 621 3002 Pnaedrt
636 2950 766 3002 exorta
779 2944 805 3002 ².
822 2963 839 2998 »

274 3057 332 3123 On
354 3066 444 3150 peut
464 3050 669 3125 facilement
698 3058 890 3127 concevoir
919 3080 992 3153 que
1020 3055 1152 3126 Pithon
1182 3069 1219 3124 et

226 3176 733 3274 Rigault,lquivivaientdans
748 3205 799 3248 un
813 3193 931 3277 temps
946 3179 996 3250 oh
1008 3179 1060 3250 les
1075 3191 1217 3248 savants

227 3304 407 3371 traitaient
423 3300 475 3372 les
497 3281 714 3374 manuscrits
735 3303 844 3375 d'une
867 3304 1025 3374 maniere
1043 3327 1141 3373 assez
1155 3325 1219 3371 su-

226 3423 360 3521 perbe,
380 3422 571 3497 differente
593 3424 639 3498 de
654 3427 882 3498 l'exactitude
903 3425 1137 3524 scrupuleuse
1154 3423 1217 3496 des

228 3546 438 3630 modernos,
466 3549 600 3620 n’aient
625 3574 690 3647 pas
716 3549 839 3620 donne
864 3574 926 3620 sur
953 3574 993 3620 ce
1020 3553 1216 3619 manuscrit

229 3671 291 3741 des
316 3668 441 3741 details
469 3673 534 3767 qui
557 3672 588 3742 le
616 3671 741 3743 iissent
763 3671 1001 3743 entierement
1018 3670 1215 3743 connaitre.

272 3892 295 3926 1.
319 3871 428 3928 Notitm
441 3873 582 3929 litteraria
600 3877 637 3931 de
649 3876 781 3950 operibus
792 3877 919 3932 Phaedri.

269 4013 296 4050 a.
316 3991 430 4053 Phedre
447 3995 483 4055 de
505 3996 634 4056 l’idition
651 3999 789 4058 Lemaire.
805 4002 887 4056 Tam.
902 4003 931 4068 1,
950 4017 1013 4074 pag.
1028 3999 1074 4064 34.
