3144 5218
395 669 465 752 204
545 691 688 738 nanum
713 689 930 738 ranunanuu
948 689 1015 735 mu.
1038 689 1096 748 iv,
1115 689 1191 735 ran.
1210 690 1244 761 9.

392 925 443 994 IN
463 924 732 993 PERICULUM
754 923 898 992 SIMUL
918 923 976 990 Ac
997 921 1136 991 VENIT
1156 919 1383 992 CALLIDUS

652 1098 816 1166 VULPIS
843 1097 899 1162 ET
927 1095 1115 1163 CAPER1.

388 1299 499 1366 Homo
519 1294 618 1365 simul
637 1321 676 1365 ac
691 1296 783 1363 venit
799 1297 835 1363 in
855 1319 1015 1389 magnum
1036 1294 1267 1390 periculum,²

387 1420 569 1516 Repperire
591 1418 754 1515 effugium
780 1417 918 1486 alterius
940 1418 1060 1511 quaerit
1084 1418 1184 1489 malo.

438 1545 526 1613 Cum
548 1541 723 1611 decidisset
742 1539 864 1636 Vulpis
890 1543 926 1608 in
948 1556 1088 1636 puteum
1111 1542 1236 1628 inscia,

358 1705 361 1711 ·
385 1669 429 1734 Et
448 1661 598 1754 altiorae³
626 1663 838 1734 clauderetur
866 1665 1042 1759 margine,

386 1790 530 1858 Devenit
546 1793 699 1882 Hyrcust
723 1789 837 1858 sitiens
856 1789 891 1856 in
911 1786 1056 1858 eundem
1076 1787 1210 1876 locum;

385 1910 493 1980 Simul
513 1912 643 2006 rogavit
666 1926 749 1980 esset
766 1937 810 1980 an
829 1910 935 1980 dulcis
953 1909 1064 2005 liquor

386 2037 429 2102 Et
454 2033 621 2128 copiosus.
651 2031 715 2104 Illa
737 2033 890 2103 fraudem
913 2034 1079 2105 moliens:

384 2157 577 2244 Descende,
599 2157 726 2243 amice3
746 2171 838 2226 tanta
858 2158 990 2228 bonitas
1007 2175 1056 2228 est
1071 2185 1183 2254 aquae,

385 2280 551 2376 Voluptas
571 2295 609 2350 ut
630 2281 744 2350 satiari
763 2307 833 2350 non
855 2283 958 2376 possit
978 2307 1063 2351 mea.

385 2405 530 2476 Immisit
553 2431 586 2472 se
613 2405 783 2473 barbatus.
810 2407 897 2472 Tum
917 2394 1129 2499 Vulpicula⁵

385 2529 499 2597 Evasit
516 2544 638 2622 puteo,
664 2528 742 2596 nixa
766 2525 861 2596 celsis
879 2527 1061 2616 cornibus,

384 2651 590 2746 Hircumque
608 2649 720 2720 clauso
740 2648 836 2745 liquit
852 2651 1032 2718 haerentem
1050 2650 1146 2719 vado.

419 2911 440 2944 1.
457 2894 562 2945 rithmus
577 2905 602 2945 et
615 2896 674 2946 Cod.
692 2895 831 2956 humentis,
850 2894 934 2962 Vulpis
946 2905 969 2942 et
988 2896 1072 2962 Caper.
1093 2894 1223 2944 Editores:
1249 2894 1338 2964 Vulpes
1355 2904 1378 2941 et

388 2987 483 3037 Bareas,

417 3097 441 3127 π.
458 3079 495 3130 cl.
508 3077 623 3129 Schwabe
638 3095 668 3128 cx
686 3078 744 3129 Cod.
768 3083 837 3128 Rem,
856 3079 939 3130 leviter
951 3081 1094 3141 immutato,
1113 3097 1162 3130 non
1181 3080 1238 3130 item
1252 3097 1281 3130 ex
1295 3091 1374 3132 nostro

383 3187 493 3237 quoque,
507 3179 535 3221 ut
547 3179 616 3238 putat
629 3170 743 3221 suadente
753 3171 888 3231 Brotierio,
903 3172 936 3222 ita
947 3171 1043 3238 scripsit
1056 3171 1120 3221 hune
1133 3188 1243 3222 versum:

481 3266 558 3313 Homo
573 3264 598 3312 in
612 3262 743 3332 periculum
756 3261 827 3314 simul
841 3281 870 3312 ac
887 3265 953 3313 venit
967 3262 1076 3314 callriim.

382 3354 470 3406 Confer
478 3354 538 3406 Cod.
546 3359 616 3405 Rem.
626 3355 762 3406 varietatem
773 3355 881 3406 lectionis
894 3372 907 3405 a
921 3359 952 3405 D.
958 3355 1087 3405 Vincentio
1096 3364 1228 3417 euolutam,
1241 3371 1293 3424 pag.
1305 3372 1357 3406 ιω.

415 3450 438 3499 3.
454 3448 500 3499 Sic.
517 3477 550 3486 -
570 3457 593 3506 4.
611 3449 700 3498 Sic-
716 3450 738 3499 ⁵.
755 3447 892 3500 Schwtbius
908 3451 939 3498 V.
954 3448 989 3499 Cl.
1002 3447 1140 3515 Vulpeculc.

802 3788 963 3954 nors
