3144 5218
402 649 473 733 udo
547 669 691 719 oummu
709 673 934 722 rtuuutttutt
954 673 1020 720 uo.
1039 672 1093 734 tv,
1113 672 1192 718 mm
1210 648 1267 720 31.

619 905 837 977 CALVUS
873 909 938 976 ET
972 907 1174 976 MUSCA.

402 1109 516 1176 Cum
543 1104 728 1174 momordit
751 1109 870 1177 Musca
894 1105 1061 1176 nudatum
1080 1120 1203 1202 caput;

402 1221 1404 1325 Quamopprimere¹captausalapamsibiduxit*gravem*⁵⁵

401 1356 498 1422 Tunc
516 1350 572 1422 illa
590 1348 765 1422 inridens:
786 1367 952 1449 punctum
970 1350 1117 1423 volucris
1135 1352 1285 1449 parvulae

400 1478 547 1551 Voluisti
564 1495 672 1550 morte
690 1476 830 1568 ulcisci;
855 1480 939 1577 quid
956 1478 1057 1551 facies
1075 1482 1162 1569 tibi,

396 1615 534 1708 Iujuriae
553 1617 633 1712 quia
651 1614 782 1684 dederis
798 1627 811 1659 ²
832 1612 1085 1685 coutumeliam.

399 1742 613 1838 Respondit:
633 1747 771 1814 Mecum
789 1740 887 1812 facile
906 1741 1008 1811 redeo
1024 1743 1059 1810 in
1079 1717 1242 1837 gratiam,

400 1867 491 1956 Quia
512 1892 583 1936 uon
600 1867 702 1937 fuisse
723 1881 869 1936 mentem
890 1865 1033 1936 laedendi
1055 1867 1135 1936 scio.

399 1991 466 2061 Sed
485 2006 519 2061 te
534 1992 698 2061 oontemsi
713 1989 727 2034 ³
744 1992 878 2086 generis
895 1989 1020 2060 animal
1039 1992 1234 2086 improbum
1255 2046 1265 2074 ‚

399 2117 485 2204 Quae
502 2112 676 2186 delectaris
693 2115 808 2184 bibere
821 2115 1013 2186 humanum
1032 2117 1252 2212 sauguinem,

400 2243 526 2333 Optem
544 2263 665 2309 necare
685 2237 738 2308 vel
755 2240 883 2332 majore
901 2239 1128 2310 incommodo.

445 2367 520 2433 Hoc
538 2377 738 2459 argumento
757 2363 890 2432 veniam
908 2363 981 2431 dari
1004 2363 1128 2449 docet,

397 2487 467 2577 Qui
486 2511 565 2557 casu
582 2503 700 2582 peccat
718 2512 821 2583 quam
839 2487 899 2586 qui
921 2485 1064 2558 consilio
1086 2503 1136 2558 est
1154 2514 1306 2576 nocens,

397 2608 499 2680 Illum
520 2635 589 2680 esse
609 2611 761 2707 quamvis
784 2610 925 2706 dignum
946 2635 1047 2706 poeua
1067 2609 1186 2705 judico
1199 2610 1225 2680 ⁴.

436 2829 457 2861 1.
473 2810 541 2862 Prius
553 2810 693 2878 legebatur,
707 2828 850 2880 oppremere.

432 2917 456 2953 u.
471 2901 593 2962 uiuum,
612 2918 664 2952 eam
681 2903 723 2971 qui
739 2902 841 2954 dederls.
858 2904 947 2954 Melius
966 2917 1022 2956 cum
1042 2904 1151 2970 Rigaltio
1176 2903 1332 2962 subvehitis,
1354 2904 1392 2973 qui

399 2993 529 3046 addideris.
548 3024 582 3034 -
605 2997 627 3046 3.
643 2999 720 3048 Reote
735 2995 856 3057 Pithoeus,
868 2998 984 3048 contemti,

430 3099 455 3146 4.
478 3092 550 3140 Hune
571 3087 691 3154 epilogum
713 3088 778 3138 houd
799 3087 872 3138 dubie
894 3098 1034 3155 corruptum
1058 3089 1127 3139 multi
1150 3088 1215 3140 varie
1234 3095 1395 3139 tentaverunt.

433 3179 526 3230 Ptimus
539 3177 661 3230 pitheus:

498 3275 550 3321 Hoc
567 3279 728 3338 argumentum
746 3269 843 3318 ‘ueniam
858 3281 930 3337 muge
945 3267 1001 3318 dot
1018 3267 1089 3318 donet

496 3364 545 3430 Qui
554 3381 613 3415 mu
619 3372 720 3432 peceat,
736 3373 808 3432 quem
822 3362 863 3430 qui
874 3360 975 3412 cumdio
987 3372 1023 3412 ut
1031 3378 1137 3412 nocens:

498 3455 571 3508 Ildum
580 3473 634 3506 etse
648 3455 752 3524 quumvis
766 3471 841 3522 poeua
858 3452 957 3522 di'puum
965 3452 1058 3521 judico.

399 3569 406 3580 ·
435 3549 551 3600 Gudius:

499 3645 552 3692 Hoc
565 3650 704 3708 argumento
720 3641 815 3689 ueniam
832 3649 881 3689 tum
898 3637 954 3687 duri
970 3637 1053 3697 decet,

503 3734 551 3799 Qui
565 3751 622 3783 eam
634 3744 733 3801 peceat,
751 3750 823 3802 quam
838 3733 879 3803 qui
890 3731 989 3783 consilio
1002 3743 1037 3781 est
1049 3749 1150 3792 uocem,

504 3825 574 3875 Illum
592 3843 641 3876 esse
656 3826 759 3894 quamuis
777 3824 875 3893 dignum
889 3842 962 3894 poeuu
971 3823 1065 3893 judico.

436 3916 558 3970 Bentleius
569 3934 576 3966 :

500 4013 550 4060 Hoc
567 4020 704 4076 argumento
721 4010 813 4059 ueniam
831 4008 936 4060 dandam
955 4007 990 4059 itti
1006 4008 1074 4058 docet
