3144 5218
339 657 483 707 ennom
508 655 726 706 rreumnurr
749 655 814 704 nn.
833 658 886 721 ιν,
904 657 980 706 ω.
999 632 1054 705 26.
1129 659 1201 731 ²²9

222 895 359 962 Frustra
382 889 539 984 adjuvere
560 887 695 959 bonius
720 889 846 960 nitetur
863 904 941 977 tue3
985 955 987 962 Α

223 1017 311 1086 Cum
327 1013 396 1107 jam
412 1010 598 1082 desidereu
619 1035 690 1080 esse
702 1010 867 1084 beneficio
884 1011 1001 1082 utilius
1015 1023 1049 1100 ²,

224 1143 268 1209 Et
286 1161 377 1211 mors
399 1134 510 1205 vicina
531 1134 697 1231 flagitabit
719 1133 882 1210 debiturn.

225 1260 372 1331 Stultum
392 1258 570 1329 admovere
589 1259 652 1327 tibi
670 1254 836 1354 prereps³
859 1259 955 1334 exist

225 1380 383 1453 Proclivis
405 1378 494 1451 ultro
512 1406 589 1451 curn
609 1381 652 1450 sit
670 1381 905 1454 misericordia.

227 1495 339 1601 Sepe⁵
361 1505 552 1602 impetravit
575 1505 706 1574 venium
727 1505 897 1575 confessus
920 1531 1024 1576 reus:

227 1630 366 1718 Quanto
388 1627 560 1698 innocenti
577 1627 700 1724 justius
718 1625 817 1701 debet
835 1627 938 1698 deri?

229 1754 308 1820 Tuae
329 1766 407 1820 sunt
424 1765 555 1846 partes,
575 1750 713 1824 fuerunt
730 1747 890 1840 aliorum,
912 1746 1016 1822 doin⁶

229 1873 337 1944 Simili
360 1899 441 1969 gyro
464 1873 597 1942 venient
619 1872 761 1943 eliorum
781 1874 875 1968 prius
896 1874 995 1944 vices.

230 2001 383 2070 Decerne
403 1997 494 2094 quod
516 1995 679 2095 religio7‚
699 1995 791 2094 quod
810 1997 938 2094 petitur
956 1995 1057 2086 fides,

231 2125 277 2191 Et
295 2118 456 2214 gratulari
477 2146 530 2194 me
552 2111 688 2192 tecere⁸
706 2120 837 2214 judicio
857 2136 927 2192 tuo.

234 2243 372 2314 Excedit
392 2243 523 2313 enimus
542 2267 643 2338 quem
664 2245 840 2339 proposuit
857 2245 1060 2331 terminum3

235 2364 302 2434 Sed
322 2364 502 2434 difficulter
521 2366 714 2434 continetur
735 2366 892 2461 spiritus,

236 2487 440 2582 Integritatis
464 2487 523 2580 qui
545 2487 680 2556 sincerae
701 2487 871 2574 conscius,

274 2719 296 2751 r.
313 2705 384 2752 Certe
399 2699 566 2752 emendatione
578 2699 700 2762 Pithone,
717 2697 819 2754 desierit.

273 2810 296 2843 e.
311 2792 377 2843 Idem
390 2792 482 2860 primus
501 2791 592 2853 editor,
610 2790 743 2855 beneficius
755 2792 819 2844 utile.
840 2792 946 2854 Gudius,
962 2791 1071 2857 beneficio
1090 2793 1167 2857 utidr,
1183 2795 1223 2846 cui

239 2885 364 2936 obsecutus
382 2893 418 2935 est
433 2884 547 2937 &hurbe
562 2887 594 2934 V.
611 2885 647 2936 Cl.

274 2980 298 3029 3.
314 2979 367 3039 Sic,
383 2995 428 3046 pro
439 2995 530 3046 precer.
546 3004 580 3015 -
593 2986 616 3034 t.
631 2978 678 3030 Sic.
690 2978 809 3038 Pitinum,
822 2980 936 3030 existimn
951 2980 1092 3042 Schefferus,
1104 2982 1225 3032 existimo:

242 3069 306 3135 quod
317 3069 457 3138 comprobet
469 3071 616 3122 doctissimus
627 3069 751 3122 Schwabe.
760 3075 790 3121 In
798 3072 905 3138 margine
919 3073 1061 3140 exemplaris
1070 3074 1140 3140 Regii
1152 3090 1226 3125 menn

243 3162 332 3224 norati,
348 3162 473 3212 existimus.
491 3189 526 3201 -·
541 3165 566 3212 t.
581 3163 627 3214 Sic.

287 3257 312 3304 6.
331 3258 403 3305 Hunc
426 3269 520 3304 versum
540 3269 568 3304 ec
592 3263 730 3320 sequentem
752 3255 875 3307 evidenter
895 3267 1018 3325 corruptos
1040 3257 1072 3308 its
1096 3267 1228 3310 muuvmt

246 3346 369 3397 Pithoeus:

329 3443 388 3489 Ture
398 3439 469 3508 prius
480 3448 535 3488 sunt
542 3447 641 3505 portes,
659 3438 759 3490 aliorum
771 3439 841 3490 dein:

328 3531 404 3583 Simili
417 3548 482 3601 gyro
501 3531 595 3581 venient
609 3530 709 3582 aliorum
727 3531 797 3581 uices.

248 3623 384 3676 Schwrbius
399 3623 502 3675 restituit
518 3639 548 3674 ex
567 3622 640 3674 Gudii
655 3621 838 3674 emendatione:

331 3719 390 3766 Ture
404 3727 458 3766 sunt
469 3726 569 3785 partes,
582 3713 685 3780 fuerunt
700 3713 799 3764 alienon
813 3715 898 3784 prius3

331 3809 394 3858 Deio
409 3807 478 3858 simili
493 3825 558 3878 gyro
570 3809 667 3858 venunt
683 3806 782 3858 alr'orum
799 3808 871 3858 uices.

284 3919 306 3962 7.
323 3901 404 3963 Prius,
417 3900 513 3970 relegio.
525 3930 557 3941 -
574 3904 598 3953 8.
615 3901 756 3954 Emendavit
768 3901 873 3954 Pithoem
879 3901 931 3966 sar.
943 3903 1071 3970 scripture
1083 3915 1162 3957 autern
1174 3905 1233 3958 cod.

251 4009 321 4060 quem
340 3995 403 4044 rene
420 3996 540 4061 legenrut,
558 3995 624 4046 nuile
637 4005 673 4048 est
683 3995 824 4047 retractatio.
