3140 5212
349 605 416 677 116
505 629 648 674 ruenni
674 629 889 676 rusucurium
908 632 974 676 nm.
995 633 1029 692 r,
1047 631 1126 678 rso.
1150 636 1182 678 α.

341 759 486 824 Parvum
503 751 669 847 tigillum,
693 753 831 822 missum
848 753 939 847 quod
962 754 1073 822 subito
1088 754 1163 823 vadi
1180 767 1213 840 ¹,

287 901 293 915 ·
341 880 440 946 Motu
462 900 611 970 sonoque
630 877 749 946 terruit
766 877 922 971 pavidum
947 901 1062 972 genus.

340 997 415 1061 Hoc
432 1015 577 1060 mersum
596 989 675 1060 limo
694 1015 771 1060 cum
789 993 942 1084 jaceret²
966 991 1110 1078 diutius,

341 1119 441 1183 Forte
461 1138 528 1182 una
549 1110 676 1183 tacite³
697 1113 825 1208 profert
846 1139 865 1182 e
884 1129 1003 1208 stagno
1028 1131 1139 1208 caput.

341 1236 356 1264 ⁴
376 1239 419 1306 Et
436 1235 607 1330 explorato
627 1261 705 1329 rege
722 1250 860 1305 cunctas
878 1251 1002 1304 evocat.

340 1357 430 1430 Illet
447 1360 566 1428 timore
582 1359 711 1454 posito,
730 1360 881 1428 certatim
899 1359 1083 1445 adnatant,

340 1484 552 1576 Lignumque
570 1506 671 1576 super
688 1482 788 1550 turba
809 1482 962 1576 petulans
983 1481 1111 1551 insilit:
1228 1545 1232 1554 ,

339 1610 442 1699 Quod
461 1634 539 1678 cum
558 1609 789 1702 inquinassent
805 1612 897 1678 omni
918 1608 1139 1696 contumelia,

335 1732 448 1804 Alium
466 1747 622 1826 rogantes
640 1757 750 1827 regem
768 1733 886 1801 misere
903 1731 947 1800 ad
966 1735 1105 1818 Jovem3

334 1855 469 1928 Inutilis
491 1856 650 1948 quoniam
667 1870 752 1924 essct
770 1854 828 1949 qui
847 1855 955 1925 fuerat
972 1855 1080 1924 datus.

333 1989 420 2054 Tum
444 1985 535 2053 misit
555 1983 620 2052 illis
640 1983 806 2078 hydrum,
831 1985 890 2076 qui
912 1983 1012 2053 dente
1030 2009 1147 2079 aspero

333 2108 511 2203 Corripere
530 2108 633 2201 coepit
653 2105 799 2202 singulas
819 2133 827 2175 τ
850 2106 973 2176 frustra
992 2132 1107 2176 necem

332 2233 492 2326 Fugitant
508 2232 631 2300 inertes
650 2257 659 2298 ε
681 2255 797 2300 vocem
822 2230 996 2324 praecludit
1016 2245 1132 2300 metus.

333 2355 462 2424 Furtim
482 2355 585 2450 igitur
602 2354 683 2423 dant
702 2355 873 2423 Mercurio
891 2353 1048 2423 mandata
1071 2353 1114 2422 ad
1133 2358 1265 2438 Jovcm,
1323 2336 1326 2342 ¹

332 2477 485 2548 Adflictis
510 2494 548 2548 ut
567 2493 749 2548 succurrat.
777 2483 874 2548 Tunc
895 2492 1011 2546 contra
1031 2480 1150 2546 Deus:

333 2601 423 2689 Quia
443 2601 598 2671 noluistis
619 2617 766 2672 vestrum
785 2601 892 2684 ferre,
919 2601 1050 2694 inquit,
1077 2601 1222 2688 bonum,

331 2723 459 2793 Malum
474 2725 633 2818 perferte.
655 2729 725 2795 Vos
743 2721 904 2818 quoquc5
921 2725 1029 2812 cives,
1047 2725 1115 2807 ait,

331 2852 405 2916 Hoc
422 2848 600 2934 sustinete,
619 2849 726 2940 majus
745 2872 786 2914 ue
805 2848 915 2916 veniat
931 2846 1070 2916 malum.

368 3060 391 3089 1.
407 3040 512 3092 Pithoeus
526 3040 644 3106 multique
660 3040 716 3102 ulii,
732 3039 810 3090 vadis
831 3040 968 3092 Schwubius
980 3050 1061 3092 autem
1079 3041 1207 3092 lectionem
1224 3040 1320 3094 Codicis

329 3145 419 3188 tuetur.

362 3251 385 3284 2.
402 3232 491 3282 Melius
510 3229 623 3282 Schwabe
640 3231 678 3282 vir
695 3232 918 3298 prestantissimus:
939 3231 1028 3281 lateret.

363 3332 385 3378 3.
402 3328 480 3378 Prima
497 3327 568 3377 lectio
588 3335 677 3386 tacete,
694 3327 841 3378 correctione
854 3326 923 3377 facta.

362 3436 386 3481 t.
402 3426 455 3485 Sic,
468 3440 514 3491 pro
529 3421 591 3474 Illoe.

361 3523 384 3571 5.
402 3519 574 3573 uittmhnsius
588 3520 731 3588 interposuit
744 3538 777 3579 0,·
795 3529 868 3570 reete.

736 3753 898 3922 W
957 3721 962 3735 r
