3144 5218
358 647 499 694 ennom
520 645 736 694 rssnnsnuin
755 645 822 690 ιω.
838 643 885 706 tv,
907 642 985 688 rin.
1006 619 1062 688 26.
1139 621 1210 712 πίῃς)

220 875 264 946 Et
282 877 462 972 incipiebat
481 877 640 970 Princeps
658 876 781 945 abduci
806 899 900 944 reum
916 884 926 916 ¹

220 999 354 1098 Ingrcdi
374 1026 394 1069 a
412 1026 446 1069 se
464 997 600 1070 reducit
618 1001 772 1095 praetio²‚
794 999 944 1092 pretibus
959 994 986 1082 ³,
1015 1012 1054 1066 ut

219 1109 467 1193 Tantrimmodo
484 1125 557 1218 ipso
574 1121 730 1192 ludorum
750 1120 941 1191 ostenderet
961 1143 1030 1190 sese
1048 1118 1138 1190 diet.

222 1247 292 1335 Qui
314 1246 413 1316 simul
433 1246 592 1332 advenit,
615 1271 732 1315 rumor
746 1245 789 1314 de
806 1245 947 1313 tibicine

222 1356 380 1438 Fremet⁵
401 1370 435 1438 in
454 1369 596 1438 theatro.
615 1368 766 1456 Quidam
783 1367 965 1436 adfirmant
983 1381 1173 1454 mortuum,

221 1492 368 1580 Quidam
392 1493 427 1560 in
445 1507 660 1588 conspectum
684 1491 899 1587 proditurum
921 1489 993 1558 sine
1014 1515 1118 1559 more.

223 1611 356 1685 Auleo6
377 1617 505 1701 misor,
529 1616 694 1686 devolutis
715 1614 901 1684 tonitribus
914 1604 950 1701 ⁸,

223 1737 306 1804 Dii⁹
328 1753 406 1806 sunt
426 1736 556 1808 locuti*
582 1763 677 1808 more
698 1736 916 1808 translaticio.
1160 1736 1217 1782 *⁶⁰

81 1939 95 1962 ΙΙ
187 1912 192 1960 ζ
221 1863 317 1928 Tunc
332 1860 454 1930 chorus
470 1863 625 1955 ignotum
644 1886 739 1930 more
755 1860 857 1930 ducto
870 1867 904 1902 ¹⁰
921 1860 1090 1930 canticum
1101 1872 1129 1904 ¹¹

221 1983 398 2074 Inposuit,
425 1983 520 2076 cujus
544 1983 615 2052 haec
637 1983 702 2052 fuit
723 1981 915 2051 sententia:

221 2106 368 2188 Loetare,
389 2104 605 2174 incolomis¹²
626 2109 757 2189 Roma,
782 2101 872 2172 salvo
898 2099 1104 2190 Principc13.

222 2231 263 2294 ln
282 2227 417 2323 plausus
438 2243 690 2298 consurrectum
714 2243 774 2295 est.
802 2231 912 2295 iactat
932 2227 1023 2295 basia

261 2511 281 2541 r.
297 2492 361 2542 Huic
373 2491 426 2542 voci
439 2491 544 2542 Pitboeus
557 2493 662 2544 asterisci
681 2503 762 2544 notam
775 2493 894 2560 apposuit.
917 2493 955 2542 Ad
974 2510 1041 2544 oram
1059 2499 1118 2562 λος.
1136 2512 1219 2547 exem·

225 2583 296 2651 pteris
314 2600 387 2634 rnenu
409 2583 484 2635 notati
507 2583 620 2651 scriptum
644 2594 696 2645 est,
717 2583 839 2643 abductor,
858 2603 910 2634 eam
928 2602 935 2635 :
955 2603 1028 2653 quam
1045 2589 1217 2642 correctionem

227 2677 325 2726 Heinsio
340 2693 435 2743 quoqne
449 2675 595 2727 tribuerunt.
606 2705 639 2715 —
653 2696 676 2726 a.
688 2677 735 2728 Sic.
749 2707 782 2715 —
792 2680 815 2727 3.
829 2683 875 2727 Pro
884 2677 1002 2747 precihus.

265 2788 287 2836 4.
304 2783 406 2828 Versum
423 2777 489 2829 buac
500 2795 555 2828 curn
575 2779 722 2845 procedente
735 2779 850 2828 asteriscis
870 2781 961 2830 noterit
972 2780 1076 2831 Pithoeus
1092 2782 1218 2851 locumque

225 2871 380 2938 depravatum
400 2871 469 2922 inulti
491 2887 576 2922 sonere
595 2871 674 2922 consti
690 2880 769 2921 sunt:
795 2888 898 2938 qaorum
918 2872 981 2922 inter
997 2875 1141 2939 conjecturas
1155 2885 1219 2928 recte

225 2965 295 3028 elegit
308 2964 444 3016 Schwabius
459 2965 611 3015 Ursinianam
630 2974 657 3014 ut
673 2965 795 3032 scripture
806 2965 941 3033 propiorem
956 2983 963 3016 ε

325 3063 360 3108 Et
376 3056 501 3127 incipiebat
518 3056 612 3126 ingredi
630 3059 750 3127 Princeps.
772 3062 835 3107 Eum

325 3149 433 3199 Adducis
444 3151 537 3217 pretio,
554 3148 679 3219 precibus,
698 3161 725 3200 at
741 3148 900 3199 tantummodo

327 3245 382 3309 Ipso
399 3240 508 3289 hederam
525 3239 656 3290 ostenderet
672 3258 722 3290 sese
736 3239 782 3292 die.

261 3338 284 3385 5.
300 3340 346 3385 Pro
358 3336 451 3385 Fremit.
468 3364 501 3372 -
515 3338 540 3385 6.
557 3336 613 3395 Sic,
628 3352 674 3402 pro
687 3337 773 3386 Auioea
787 3365 819 3374 -
841 3355 863 3397 7.
881 3336 935 3395 sie,
955 3355 1000 3404 pro
1020 3339 1098 3388 misso.

261 3431 284 3477 8.
301 3428 370 3477 Pnus
379 3425 515 3476 nandribru
529 3427 590 3492 [sic].
599 3454 632 3464 —
641 3443 666 3490 9.
673 3433 748 3478 Recte
758 3427 877 3484 editores,
891 3432 932 3478 Dr‘.
946 3457 978 3466 -
995 3446 1032 3479 ro.
1043 3431 1117 3490 Prius,
1129 3429 1200 3483 dicto.

264 3537 301 3569 rr.
318 3519 381 3570 Huic
392 3520 444 3570 loco
462 3528 545 3570 vexato
560 3517 752 3584 difficillimeque
763 3519 980 3587 interpretationis,
993 3521 1155 3586 castigationes
1168 3526 1217 3576 sere

227 3615 364 3664 innumeras
379 3611 494 3662 adhibere
511 3612 637 3661 voluerunt
655 3611 748 3674 critici5
771 3629 830 3678 quas
848 3613 928 3672 inter,
948 3612 1021 3662 solam
1039 3613 1217 3668 Schwebianern

227 3704 350 3755 referem:

331 3801 396 3845 Tuae
408 3794 493 3844 chorus
505 3797 610 3863 &aotam
623 3805 647 3843 et
662 3793 731 3844 morlo
746 3795 843 3845 redacta
858 3797 981 3845 canticum.

266 3905 304 3938 η.
319 3889 366 3938 Sic
382 3918 413 3926 —
434 3891 471 3937 13.
491 3894 518 3938 In
538 3888 583 3938 bac
600 3904 675 3945 rone,
701 3889 822 3940 sententio
841 3888 990 3954 ambiguitas.
1011 3894 1115 3944 Versum
1133 3893 1217 3944 titteris

231 3981 365 4047 majusculis
383 3980 476 4048 scripsit
490 3980 597 4031 Pithoeus
613 3979 640 4030 in
654 3979 698 4030 ud.

1021 4075 1074 4144 16.
