3140 5212
352 623 417 694 158
496 646 640 694 annuus
665 645 884 696 ranuuauum
904 646 972 692 tra.
989 645 1034 704 u,
1061 645 1137 690 rau.
1162 621 1195 690 8.

548 907 765 974 CERVUS
803 907 875 972 AD
912 904 1128 973 BOVE81.

345 1110 505 1191 Cnnvus,
525 1106 709 1174 nemorosis
728 1105 891 1173 excitatus
910 1101 1080 1187 latibulis,
1112 1139 1113 1146 κ

346 1233 395 1301 Ut
412 1242 608 1298 venatorum
629 1227 759 1322 fugeret
780 1229 960 1295 instantem
980 1249 1117 1310 necem,

347 1355 443 1421 Caeco
462 1349 604 1420 timore*
623 1327 812 1444 proiimam
834 1348 948 1418 villam
968 1349 1072 1441 petit,
1283 1341 1339 1388 *²⁶

347 1481 391 1546 Et
408 1484 599 1571 oportuno²
622 1466 762 1543 bovile3
784 1500 818 1542 se
835 1473 996 1544 condidit.

347 1601 411 1669 Hic
429 1601 489 1668 bos
512 1597 652 1667 latenti:
672 1598 845 1687 Quidnam
859 1597 993 1666 voluisti
1013 1596 1093 1682 tibi,

347 1722 488 1810 Infelix,
509 1722 598 1791 ultro
620 1724 678 1817 qui
701 1722 745 1791 ad
762 1747 876 1792 necem
904 1721 1112 1806 cucurreris,

348 1849 601 1940 Hominumque
622 1861 712 1916 tecto
733 1847 888 1940 spiritum
911 1843 1143 1914 commiseris?

348 1975 394 2039 At
413 1968 468 2037 ille
486 1967 650 2063 supplex:
672 1967 764 2036 Bos⁴
781 1967 904 2054 modo,
924 1967 1056 2061 inquit,
1074 1966 1200 2060 parcite
1215 1991 1224 2050 3

350 2094 532 2163 Occasione
551 2116 667 2159 rursus
688 2115 861 2185 erumpam
881 2090 969 2159 data.

349 2218 502 2309 Spatium
522 2215 588 2284 diei
606 2215 715 2283 noctis
733 2215 905 2308 excipiunt
927 2216 1026 2284 vicos.

349 2337 516 2408 Frondem
537 2337 705 2408 bubulcus
730 2337 858 2424 adfert,
881 2362 943 2408 nec
965 2337 1041 2405 ideo
1061 2335 1162 2405 videt.

349 2467 442 2533 Eunt
463 2461 606 2531 subinde
628 2477 661 2530 et
683 2461 826 2530 redeunt
846 2484 962 2528 omncs
981 2460 1096 2528 rustici
1113 2486 1122 2547 ;

350 2589 459 2658 Nemo
480 2583 742 2654 animadvertit:
765 2584 886 2653 transit
906 2583 1006 2652 etiam
1024 2582 1143 2651 vilicus
1158 2571 1195 2668 5,

351 2710 382 2778 N
385 2734 422 2778 ec
437 2707 492 2777 itte
510 2711 689 2803 quicquam
709 2709 820 2777 sentit.
839 2711 926 2777 Tum
947 2706 1094 2802 gaudens
1112 2706 1200 2775 ferus

352 2835 457 2898 Boves
475 2825 630 2924 quietes⁶
653 2854 751 2924 agere
776 2832 882 2926 coepit
902 2831 1047 2926 gratias,

355 2953 578 3046 Hospicium7
599 2952 736 3021 adverso
754 2954 845 3048 quod
864 2954 1077 3048 praestiterint
1097 2968 1256 3047 tempore.

354 3076 539 3171 Respondit
557 3101 645 3148 unus
664 3103 670 3144 :
694 3076 827 3152 Salvum
849 3093 880 3145 te
896 3079 1050 3173 cupimus
1069 3077 1222 3172 quidem,

391 3329 411 3358 1.
428 3308 556 3360 Editores:
575 3311 659 3366 Cereres
672 3321 695 3358 et
712 3315 794 3360 Boves.

388 3422 411 3453 2.
428 3405 473 3454 Sic.
493 3432 526 3441 -
544 3409 567 3454 3.
580 3405 634 3464 Sic,
649 3420 693 3471 pro
707 3402 783 3455 bovili.
806 3405 866 3456 Cod.
886 3410 955 3455 Rem.
972 3401 1059 3465 babiti,
1077 3404 1141 3452 unde
1154 3411 1218 3452 recte
1235 3401 1299 3452 Gud.
1319 3411 1342 3449 et

353 3500 435 3547 Burm.
453 3493 532 3546 bubili.
550 3497 586 3548 Cl.
606 3496 741 3547 Schwabe:
763 3515 788 3545 se
807 3495 894 3546 bubuli.

389 3599 411 3644 4.
428 3588 516 3639 Melius
540 3589 602 3640 Pith.
626 3594 682 3639 Vos.
703 3618 737 3627 -
759 3591 781 3640 5.
800 3590 855 3651 Sic,
876 3607 921 3657 pro
939 3589 1042 3640 villicus,

389 3692 412 3738 6.
429 3689 514 3739 Primae
526 3691 634 3741 lectionis
646 3691 741 3758 penitus
753 3690 840 3742 abrasa:
854 3691 918 3741 nulla
936 3690 1034 3740 omnino
1050 3689 1076 3738 in
1092 3688 1231 3738 membrana
1248 3686 1343 3750 vestigia

355 3792 452 3842 extant:
466 3799 544 3848 neque
558 3785 689 3834 ullomodo
703 3785 749 3851 legi
762 3773 855 3851 potest,
869 3795 895 3834 ut
909 3785 991 3844 aiuut,
1007 3781 1079 3832 bobus
1090 3783 1187 3850 quietis:
1207 3797 1259 3846 quae
1275 3780 1343 3829 lectio

355 3893 367 3928 a
382 3874 474 3924 Pithoeo
484 3877 621 3942 supposita,
632 3894 687 3928 tera
699 3876 809 3937 videtum
826 3877 892 3935 sive,
908 3885 933 3926 ut
944 3877 979 3926 Cl.
994 3873 1122 3952 Schwabe:
1140 3871 1213 3921 bubus
1224 3871 1311 3944 quietis.

390 3985 413 4026 7,
430 3968 479 4025 Sic,
