3140 5212
362 641 504 688 cunum
531 642 750 690 rasurarum
776 645 841 690 mn.
861 645 892 707 1,
913 645 998 691 ran.
1028 621 1059 692 3.
1141 647 1206 719 ¹¹7

263 857 584 928 GRAGULUS¹
618 857 896 926 SUPERBUS
930 857 993 924 ET
1024 858 1168 926 PAVO.

217 1093 271 1161 Ns
290 1089 426 1186 gloriari
445 1087 547 1158 libeat
568 1087 683 1158 alienis
704 1089 819 1174 bonis,

217 1219 352 1309 Suoque
372 1213 484 1307 potius
503 1212 622 1282 habitu
640 1213 742 1281 vitam
761 1211 902 1306 degere,

217 1343 359 1433 AEsopus
379 1337 475 1408 nobis
494 1336 560 1405 hoc
577 1334 766 1430 exemplum
784 1334 943 1430 prodidit.

264 1465 409 1530 Tumens
428 1461 521 1530 inani
543 1459 714 1554 Gragulus
740 1460 918 1554 superbia,

217 1589 346 1655 Pennas
359 1585 485 1655 Pavoni
502 1609 577 1678 quae
589 1585 604 1616 *²
627 1583 819 1654 deciderant
837 1584 990 1666 sustulit,
1018 1585 1021 1592 ’
1170 1583 1205 1636 *⁴

218 1711 327 1802 Seque
344 1709 530 1777 exornavit.
553 1707 684 1777 Deinde
706 1723 924 1778 contemnens
943 1732 1039 1790 suos,

216 1832 402 1901 immiscuit
418 1857 454 1901 se
471 1836 645 1902 Pavonum
663 1831 811 1900 formoso
833 1832 926 1926 gregi
942 1842 968 1901 ².

216 1953 269 2023 Illi
292 1954 478 2050 impudenti
496 1978 623 2048 pennas
641 1954 792 2048 eripiunt
818 1954 895 2040 avi,

214 2081 412 2172 Fugantque
430 2079 557 2146 rostris.
573 2076 664 2145 Male
681 2071 870 2146 multatus³
887 2074 1057 2171 Gragulus

215 2201 336 2270 Redire
356 2198 509 2288 merens4
527 2201 629 2295 coepit
649 2199 692 2268 ad
711 2201 888 2294 proprium
907 2224 1035 2294 genus:

216 2327 244 2390 Α
269 2347 336 2414 quo
356 2320 509 2415 repulsus
528 2322 656 2390 tristem
674 2322 833 2390 sustinuit
850 2337 965 2390 notam
977 2311 1003 2389 ⁵.
1097 2297 1102 2306 Ι

217 2448 304 2512 Tum
324 2444 462 2536 quidam
480 2468 520 2511 ex
540 2442 604 2512 illis
622 2467 707 2536 quos
727 2445 821 2537 prius
841 2444 1056 2538 despexerat:

217 2568 405 2636 Contentus
423 2567 547 2635 nostris
569 2567 595 2634 si
622 2567 739 2636 fuisses
759 2561 913 2649 sedibus,

216 2694 261 2758 Et
280 2688 371 2784 quod
393 2703 514 2758 natura
531 2688 668 2758 dederat
686 2688 847 2759 voluisses
862 2690 951 2784 pati,

215 2816 286 2883 Nee
304 2811 394 2881 illam
414 2828 569 2906 expertus
587 2837 674 2882 esses
692 2812 954 2901 contumeliam,

215 2937 287 3005 Nec
304 2937 393 3005 hanc
410 2935 577 3029 repulsam
596 2952 654 3005 tua
679 2937 817 3005 sentiret
834 2936 1015 3006 calamitas.

253 3138 274 3172 1.
291 3121 338 3172 Sic.

252 3234 274 3266 α.
291 3216 395 3276 Melius,
408 3215 517 3273 ntsolct,
528 3213 665 3264 Schwubius
678 3213 710 3264 ita
721 3213 804 3263 scribit
814 3229 909 3264 rusum
918 3230 932 3264 a
942 3213 1024 3266 Gudio
1036 3213 1186 3266 emendatum
1198 3231 1204 3264 :

381 3309 493 3354 Formoso
505 3321 531 3353 sc
541 3307 663 3353 Pavonum
675 3304 798 3355 immiscuit
805 3306 884 3373 gregi.

251 3411 273 3456 3.
289 3406 387 3456 Rectius
400 3407 436 3457 ct.
450 3404 581 3456 Schwabe:
598 3403 720 3454 mulcatus.
734 3427 747 3448 ι
765 3403 804 3454 Sic
816 3405 921 3471 optime,
934 3404 1026 3470 inquit,
1040 3404 1203 3456 cod.1tem.‹·

217 3498 294 3564 Hujus
307 3506 388 3548 tumen
401 3497 512 3548 lectionis
528 3498 618 3548 nullam
631 3495 778 3546 mentionem
788 3495 844 3546 neit
857 3495 1006 3546 Vincentius.

250 3599 272 3644 t.
290 3588 337 3637 Sic.
352 3613 385 3622 -
403 3587 425 3634 5.
439 3583 545 3642 Deinde,
561 3599 592 3634 ex
606 3584 774 3636 correctione:
789 3588 903 3635 notitiam.

626 3879 788 4048 {tete
