3144 5218
343 611 412 686 228
486 630 862 686 renuntiauerant
883 631 950 678 ers.
969 630 1017 694 1v,
1036 629 1116 678 ras.
1140 607 1198 680 26.

639 861 782 934 IDEM
808 861 1028 934 POETA1.

344 1064 549 1142 Surnasunr
569 1069 653 1139 mihi
671 1081 760 1168 que²
780 1069 940 1158 scribam,
959 1068 1018 1138 sed
1033 1091 1137 1164 pareo
1157 1068 1283 1156 seieus3

345 1195 496 1266 Primum
516 1219 587 1264 esse
603 1194 665 1263 tibi
682 1219 725 1262 ne
742 1191 857 1263 videar
872 1192 1063 1281 molestior,

346 1308 559 1412 Destringit³
576 1341 676 1411 quern
692 1315 873 1387 multarum
889 1341 1003 1402 rerum
1023 1318 1181 1405 varietas,

347 1451 436 1520 Dein
454 1450 482 1518 si
503 1449 577 1544 quis
598 1447 715 1520 eadem
737 1448 824 1520 sorte
841 1446 991 1524 eonare⁴
1014 1447 1116 1536 velit,

346 1572 538 1644 Haberent
559 1572 666 1668 possit
687 1572 816 1672 aliquid
837 1574 949 1671 operis
972 1572 1106 1646 residui.

311 1727 313 1733 ’
346 1696 508 1786 Quamvis
525 1685 675 1766 nature⁵
702 1711 795 1768 tanta
816 1696 964 1768 abundet
987 1697 1108 1793 copia,

347 1813 504 1890 Labori⁶
528 1819 623 1888 faber
644 1835 683 1889 ut
707 1821 816 1909 desit,
843 1845 912 1892 non
931 1819 1028 1894 fabro
1051 1820 1157 1895 labor.

346 1941 545 2013 Brevitatis7
568 1957 689 2012 nostrae
709 1934 880 2014 nimium8
904 1958 943 2014 ut
963 1943 1082 2016 reddas
1099 1957 1196 2040 peto,

348 2063 451 2153 Quod
473 2088 508 2132 es
529 2061 722 2159 pollicitus:
748 2064 873 2137 exibas
898 2067 988 2138 vocis
1010 2064 1125 2139 fidem.

348 2184 438 2253 Nam
455 2184 524 2282 vita
545 2187 645 2255 morti
665 2187 863 2281 proprior¹⁰
883 2202 933 2260 est
950 2186 1072 2259 cotidie
1087 2194 1115 2231 ¹¹
1133 2211 1140 2226 ·

350 2307 394 2375 Et
410 2306 476 2376 hoc
493 2307 605 2377 minus
624 2311 734 2378 veniet
744 2320 773 2360 ¹²
801 2310 844 2379 ad
864 2335 917 2382 me
937 2310 1108 2397 muneris,

351 2431 430 2520 Quo
450 2430 526 2526 plus
545 2449 721 2502 consumet
743 2436 901 2531 temporis
919 2434 1046 2506 dilatio.

353 2553 387 2621 Si
411 2555 479 2624 cito
494 2545 525 2597 ¹³
548 2579 619 2624 rem
635 2573 793 2654 perages,
820 2583 899 2628 usus
915 2556 974 2628 fiet
991 2556 1146 2654 longior:

352 2683 460 2749 Fruar
480 2677 623 2766 diutius,
652 2680 679 2748 si
699 2676 840 2750 celerius
861 2705 992 2776 coepero
1008 2682 1052 2750 ¹⁴.

353 2811 561 2905 Languentis
584 2777 645 2878 ae'vi
668 2808 749 2878 dum
776 2825 854 2879 sunt
874 2809 994 2904 aliquae
1016 2809 1190 2906 reliquiae,
1284 2793 1336 2848 *⁵¹

272 2935 277 2948 '
355 2932 492 3006 Auxilio
508 2931 601 3002 iocus
619 2947 693 3000 ost:
716 2931 797 3004 olim
818 2935 910 3004 senio
931 2932 1074 3004 debilem

393 3167 415 3199 1.
431 3153 481 3200 Hos
492 3163 573 3199 versus
584 3149 614 3199 ad
626 3149 714 3200 calcem
726 3148 784 3200 libri
796 3149 860 3200 tertii
873 3151 1008 3216 rejecerunt
1017 3148 1131 3210 editores,
1144 3157 1172 3200 ut
1182 3147 1308 3216 epiiogum.

392 3259 415 3291 n.
432 3242 485 3304 sie,
500 3257 545 3310 pro
557 3257 618 3312 quos.
634 3269 667 3281 ——
683 3244 707 3294 3.
723 3242 812 3294 Melius
821 3242 936 3294 Schwabe
949 3247 980 3292 V.
992 3244 1027 3296 ct
1038 3259 1068 3294 ex
1078 3247 1216 3294 Burmanno
1228 3241 1340 3308 aliisque,

358 3333 523 3404 distringit-
537 3345 561 3393 4.
577 3334 631 3396 Sic,
648 3315 797 3403 pro'conarr'.

391 3431 417 3480 5.
431 3433 478 3480 Pro
490 3439 590 3480 natm
606 3433 642 3480 Ex
657 3429 793 3506 conjectura
806 3429 937 3480 Brumanni
949 3427 1102 3488 servatius,
1118 3428 1228 3478 materie

391 3523 416 3573 6.
431 3526 514 3573 Postea
529 3531 677 3582 conectunt,
693 3520 800 3573 Laboris
812 3551 846 3560 -
861 3541 884 3587 7.
900 3521 989 3573 Melius
1001 3521 1129 3585 Heinsius,
1146 3521 1263 3572 Brevitati.

392 3617 416 3664 8.
432 3615 511 3665 Primo
530 3615 607 3666 solum
627 3624 692 3677 erat,
714 3615 799 3677 miron,
823 3614 976 3683 superaddite
996 3613 1085 3666 deinde
1106 3614 1240 3666 minoribus
1260 3611 1345 3664 litteris

360 3705 447 3772 sylleiin
462 3707 495 3756 ni.
509 3711 584 3758 Recte
596 3705 691 3774 scripsit
702 3705 822 3769 fineen,
842 3705 973 3776 praemium.
986 3735 1018 3744 -
1037 3723 1061 3770 9.
1077 3705 1125 3757 Sic.

396 3815 434 3847 ιο.
449 3797 504 3858 Sic,
522 3813 565 3865 pro
571 3798 678 3866 propior.
695 3827 728 3837 ·—
750 3816 788 3850 11.
804 3799 851 3851 Sic.

397 3907 434 3941 12.
451 3893 527 3940 Recte
539 3889 655 3953 Ursinus,
672 3893 805 3960 perveniet,
822 3892 894 3943 metri
906 3905 984 3943 eausa

396 3985 434 4032 13·
450 3983 517 4036 rrius
530 3991 624 4042 sutem,
637 3984 701 4034 scito·
714 4013 747 4024 -
763 3995 801 4044 tt.
814 3989 849 4037 Ex
860 3983 1020 4038 uittesshusio
1030 3983 1166 4034 schwabius
1175 4019 1183 4045 ‚
1191 3999 1281 4050 cepero.
