3200 5214
608 605 823 668 retract.
1170 593 1215 665 35

227 745 480 830 rationalium,
511 745 673 833 urbium,
700 751 999 818 monasteriorum
1019 767 1214 840 compara-

230 887 345 956 verat,
363 877 747 968 instrumentorumque
760 877 919 968 ipsomm
931 883 1041 966 atque
1053 883 1217 938 actorum

231 997 362 1066 bonam
375 1007 521 1090 partem
537 1002 692 1092 propria
713 1019 824 1066 manu
846 995 1121 1089 descripserat.»

279 1149 296 1182 «
319 1120 356 1182 V
352 1141 450 1186 erum
469 1117 550 1188 lroec
565 1124 689 1189 omniu
704 1142 791 1214 quar
804 1124 840 1188 in
854 1122 980 1216 quovis
994 1116 1137 1186 homine
1149 1119 1218 1183 sin-

228 1240 332 1337 gula,
353 1265 527 1338 magnum
546 1247 667 1312 uirum
685 1257 815 1312 etcum
833 1265 921 1312 cura
935 1237 1127 1310 dicendum
1143 1236 1221 1328 effi-

232 1372 346 1450 ciant,
360 1372 398 1435 in
409 1364 553 1436 Pitlroeo
567 1383 797 1454 coacervata,
814 1366 968 1438 eundem
978 1363 1033 1436 ad
1041 1387 1222 1435 summum

235 1487 356 1560 laudis
361 1490 552 1584 fastigium
570 1490 792 1562 evehebant:
812 1488 991 1586 quantula
1003 1492 1124 1586 portio
1140 1501 1225 1556 sunt

236 1610 330 1682 illius
342 1615 529 1709 sapientire
541 1639 653 1710 quam
666 1621 817 1710 ingenii,
828 1615 1028 1711 judiciique
1029 1611 1223 1702 filieitate,

238 1759 284 1806 ec
300 1760 419 1805 rerum
441 1742 662 1831 cognitione,
689 1739 839 1808 assidud
859 1736 1007 1808 lectione
1026 1749 1137 1831 atque
1159 1755 1227 1802 usu

237 1875 497 1955 comparatam,
527 1858 632 1930 uelut
652 1885 700 1930 ex
727 1866 961 1957 antiquorum
990 1862 1149 1929 omnium
1173 1859 1226 1923 in·

238 1989 365 2070 venus,
391 1988 455 2079 qui
474 1989 660 2080 sapientire
680 1985 991 2055 commendatione
998 1982 1228 2072 floruerunt,

239 2108 433 2199 conflatam
451 2107 524 2176 sibi
541 2109 780 2204 quoesieritl¹
801 2138 818 2172 s

290 2231 357 2298 Cet
368 2228 486 2323 cloga,
500 2230 633 2326 auquel
644 2255 694 2299 on
710 2229 766 2300 n’a
779 2229 908 2300 besoin
925 2228 971 2299 de
987 2231 1067 2297 rien
1081 2228 1232 2320 ajouter,

245 2365 299 2422 est
327 2349 525 2420 corrobora
555 2351 694 2449 parles
718 2356 962 2448 temoignages
994 2348 1039 2420 de
1069 2363 1153 2418 tous
1183 2344 1235 2414 les

247 2473 411 2542 hommes
432 2471 484 2542 les
506 2473 587 2569 plus
607 2472 876 2571 remarquables
895 2473 941 2544 de
963 2487 1057 2544 cette
1081 2472 1236 2565 epoque.

245 2599 408 2666 Vaut-on
428 2595 627 2669 l'entendre
647 2598 754 2695 juger
772 2624 913 2671 comme
934 2597 1082 2667 homme
1104 2590 1239 2664 d'etat?

246 2715 375 2808 «Ejus
400 2740 536 2810 magna
571 2741 619 2787 ex
646 2737 756 2814 parte
789 2718 935 2790 consilio
963 2734 1000 2788 et
1028 2739 1160 2812 opera,
1186 2710 1240 2781 dit

247 2839 578 2923 sante-Marum,
601 2840 737 2912 delusis
762 2841 930 2912 Iberiacae
945 2841 1125 2932 factionis
1151 2841 1239 2905 urti-

251 2963 333 3048 bus,
363 2967 507 3034 Lutetia
528 2969 633 3060 regni
650 2980 762 3060 caput
787 2969 825 3034 in
846 2964 992 3060 legitimi
1011 2966 1101 3057 regis
1120 2971 1241 3056 potes·
1265 3031 1268 3046 Ι
1310 2990 1315 3000 ·

250 3101 360 3158 tatem
378 3094 601 3184 perronium
628 3112 770 3160 comme
794 3084 1086 3184 jurisconsulto?
1110 3083 1245 3152 Sainte-

251 3214 393 3285 Marthe
411 3213 464 3284 dit
482 3239 613 3286 encore
632 3243 640 3285 :
663 3247 680 3282 α
699 3221 770 3287 Hic
789 3215 925 3313 (Cujus)
943 3219 1090 3308 insuper
1110 3225 1144 3278 te
1166 3207 1241 3302 (Pi-

253 3333 367 3427 thou)
390 3335 560 3428 juvenem
583 3363 716 3422 senex,
746 3336 963 3434 disct'pulum
990 3339 1176 3431 magister,
1207 3337 1244 3401 in

255 3457 465 3529 dirimendis
481 3485 563 3530 cum
582 3459 715 3531 oemulo
730 3463 974 3531 controversiis
988 3454 1164 3526 arbitrum
1178 3451 1248 3524 sibi

255 3596 380 3680 optare
396 3583 540 3652 minime
558 3581 733 3652 dubitarit
747 3578 772 3651 ³.
789 3612 806 3645 2>

290 3801 314 3836 1.
328 3784 354 3837 J.
362 3784 440 3856 Aug.
452 3779 569 3838 Thuani
575 3781 649 3839 Hist.
660 3781 705 3838 sui
712 3779 864 3858 temporis,
877 3777 926 3838 tib.
936 3781 1045 3838 CXVII
1054 3795 1146 3851 ,anno
1160 3775 1244 3852 1596.

298 3907 325 3946 a.
346 3886 497 3945 Gallorum
515 3885 649 3946 doctrina
664 3888 766 3950 illustr.
790 3886 871 3964 Elog.
891 3885 941 3944 lib.
959 3890 1009 3946 lV.

300 3994 327 4052 3.
343 3995 418 4053 Ibid.
