3144 5218
392 647 461 732 234
535 659 1067 723 ennon1mnueaauni1s.1v,
1090 657 1167 703 aaa.
1190 632 1248 702 28.

551 870 556 900 i

657 907 667 940 ¹
720 894 867 966 IDEM
895 891 1112 960 POETA2.

314 1129 317 1134 ·
388 1109 508 1177 AEsorr
531 1125 655 1172 nomen
675 1097 781 1169 sicubi
802 1096 1058 1188 interposuero,

391 1229 456 1298 Cui
478 1220 598 1295 reddi³
619 1225 690 1317 jam
711 1219 866 1316 *pridem
889 1216 1072 1311 quidouicl
1093 1213 1216 1299 debui,
1336 1199 1388 1249 *⁵³

388 1347 609 1421 Auctoritatis
630 1370 700 1416 esse
722 1346 805 1414 scito
829 1342 959 1438 gratia:

390 1480 439 1546 Ut
455 1473 592 1569 quidam
610 1469 754 1540 artifices
772 1482 888 1537 nostro
907 1465 1034 1534 faciunt
1052 1458 1164 1531 seculo
1177 1448 1213 1546 ⁵,

391 1600 461 1689 Qui
483 1597 630 1692 pretium
650 1594 808 1688 operibus
829 1589 938 1682 majus
956 1585 1153 1669 inveniunt,
1174 1604 1265 1649 novo

388 1726 425 1794 Si
447 1721 607 1792 marmori
627 1719 876 1812 adscripserunt
895 1708 1084 1784 Praxitelen
1104 1732 1189 1794 suo,

388 1844 521 1916 Detrita
541 1846 719 1938 Myronem
742 1853 894 1934 argento.
917 1824 1072 1904 Fabule⁶
1096 1828 1279 1901 exaudiant

390 1969 485 2041 Adeo
506 1967 638 2060 fugatae.
660 1963 741 2034 Plus
761 1961 927 2031 vetustis?
951 1946 1070 2028 favet⁸

430 2225 452 2257 r.
468 2205 530 2267 Hie,
543 2220 586 2255 sua
598 2212 699 2271 sponte,
713 2199 820 2251 Pithoeus
833 2199 999 2266 interposuit:

686 2367 874 2416 INCIPIT
904 2366 1039 2413 LIBER
1076 2364 1107 2414 V.

395 2525 469 2592 Quod
487 2530 631 2592 receperunt
654 2535 752 2580 omues;
774 2517 879 2584 indeque
903 2533 996 2567 versum
1021 2518 1073 2583 jem
1094 2526 1150 2567 aute
1169 2514 1295 2566 turbatum
1318 2509 1386 2578 (ride

395 2636 467 2687 supra
485 2635 539 2687 pag.
558 2616 634 2682 232),

532 2713 648 2776 Quartum
668 2703 771 2756 libellum
783 2703 839 2753 dum
854 2704 935 2753 Variae
949 2701 1078 2775 perleges,

396 2803 477 2854 denuo
490 2804 654 2861 immutantes,
668 2800 730 2849 solas
743 2815 813 2848 voees
827 2795 929 2846 libellum
942 2812 970 2847 ae
978 2795 1088 2865 perleges
1101 2802 1273 2854 semoverunt,
1292 2790 1388 2856 scripse·

397 2905 516 2961 ruutque,
530 2903 558 2944 ut
569 2891 690 2942 Bentleius
702 2907 709 2940 :

532 2986 644 3050 Quintum
657 2981 775 3038 libellum,
794 2997 865 3049 quum
877 2982 986 3042 vacarit,
1000 2979 1125 3049 perleges;

397 3084 472 3134 immo
488 3087 516 3129 ut
528 3081 697 3134 Burmannus,
710 3073 760 3122 solu
772 3087 830 3121 voce
842 3068 944 3120 libellssm
956 3072 1054 3122 relicte:

530 3173 622 3220 Harum
637 3164 739 3216 libellum
755 3163 810 3214 dein
828 3164 910 3213 uscire
922 3163 1027 3233 perlege.

431 3263 491 3315 Inde
509 3277 606 3329 quoque
621 3257 700 3325 operis
717 3254 820 3307 titulus:
837 3253 935 3304 Plsoedri
946 3256 1052 3323 Augusti
1064 3253 1143 3305 liberti
1157 3254 1302 3306 Fabularum
1320 3257 1384 3304 AEso·

393 3358 488 3427 piarum
501 3353 556 3405 libri
567 3369 596 3411 v,
615 3367 660 3419 pro
673 3347 728 3399 libri
741 3365 777 3398 ιν.

431 3470 455 3501 a.
470 3449 596 3524 Editores,
609 3441 737 3511 Prologus.
749 3469 781 3480 -
797 3443 820 3491 3.
832 3440 887 3500 stc,
904 3456 950 3507 pro
963 3437 1067 3490 reddidi.

431 3554 455 3600 t.
471 3547 517 3592 Pro
530 3536 642 3610 quicquid
649 3574 656 3598 ,
670 3545 712 3587 aut
725 3534 809 3585 melius
825 3531 947 3602 quidquid.
959 3561 992 3571 -
1006 3535 1029 3582 5.
1041 3532 1088 3584 Sic.
1101 3558 1134 3570 -
1148 3536 1172 3583 6.
1184 3533 1232 3584 Sic.

431 3652 453 3696 7.
469 3632 516 3684 Hic
533 3630 640 3681 Pithoeus
656 3626 751 3679 addidit
770 3643 833 3676 nam.

429 3730 453 3776 8.
469 3724 568 3776 Nullum
582 3723 655 3772 totius
672 3718 767 3770 Phedri
785 3718 863 3768 locum
877 3725 943 3767 tauta
961 3716 1058 3768 licentia
1071 3725 1232 3767 tractaverunt
1250 3715 1342 3766 critici:
1357 3710 1384 3760 de

393 3834 444 3885 qua
463 3825 488 3866 et
509 3813 623 3878 sagaciter
635 3821 659 3862 et
672 3811 748 3862 iaoete
766 3809 879 3860 dissemit
891 3809 917 3857 in
930 3823 1031 3859 excursu
1043 3825 1103 3858 xxvi
1116 3807 1300 3859 humanissimus
1312 3804 1384 3857 editor

396 3907 552 3960 vinariensis.
565 3909 632 3954 Inter
645 3904 736 3971 priores
749 3902 893 3954 Salmasius:

529 4033 535 4044 .
550 4030 573 4044 ..
588 4029 611 4042 ..
623 3998 691 4042 Aur-o
708 3992 833 4061 adscripsit
849 3990 986 4042 Praxitelen
998 4008 1058 4052 suo,
