3140 5212
410 664 625 711 vomeres
649 665 893 712 cucrrours.
1102 638 1165 710 105

379 809 440 846 eum
457 810 527 864 opus
791 812 877 865 quum
889 811 960 865 opus

377 871 502 942 Superba
791 874 970 944 superetiem

378 948 460 1003 debet
790 952 873 1006 debes

379 1047 442 1084 cum
455 1030 550 1084 bruma
795 1050 882 1103 quum
897 1033 992 1086 bruma

202 1106 237 1173 54
377 1109 542 1164 incolumem
796 1110 960 1166 incolomem

379 1189 485 1242 retrudi
796 1191 913 1245 rettrudi

260 1267 340 1324 XXII
372 1269 553 1324 Simonidesa
567 1269 625 1322 Diis
639 1280 758 1323 serratus
796 1271 879 1324 Poeta

377 1349 465 1420 Pyctae
794 1351 871 1420 pictae

377 1427 500 1482 condixit
794 1429 926 1483 conduxit

378 1525 441 1560 cum
455 1506 580 1560 frenaret

380 1597 411 1640 ut
426 1587 508 1658 moris

382 1665 461 1718 Ledae

380 1743 539 1815 adprobavit

381 1841 441 1876 oum
455 1824 589 1894 reliquam

793 1526 879 1580 quum
894 1507 1019 1561 frenaret

794 1589 877 1641 moris

794 1667 873 1720 Laede

793 1744 957 1819 adprobabit

793 1843 881 1900 quum
896 1824 1029 1896 reliquam

379 1906 481 1956 Verum
492 1921 528 1956 ne
795 1909 896 1958 Verum
915 1915 946 1957 ut
961 1923 996 1957 ne

378 1982 519 2036 dimissum
532 1994 559 2036 te
793 1997 819 2038 te
832 1985 976 2037 dimissum

373 2062 509 2118 Promisit.
533 2063 625 2117 Rediit
648 2065 716 2118 bora
791 2064 927 2118 Promisit.
956 2063 1055 2118 Rediit.
1084 2064 1157 2115 Hora

416 2140 505 2210 dicte3
521 2143 656 2196 recubuit.
832 2144 904 2196 dicta
921 2144 1056 2197 recubuit.

377 2231 509 2292 apparatu
792 2217 940 2294 apparatu¹

376 2320 392 2370 J
396 2336 507 2386 uvenes,
519 2320 605 2389 sparsi
792 2321 911 2372 Iuvenes
920 2319 1008 2388 sparsi

379 2397 487 2450 servulo
794 2399 900 2451 servolo

379 2486 508 2547 provocet
795 2486 943 2548 provocent

381 2572 466 2608 unum
483 2553 622 2625 promrirat
795 2573 880 2609 unum
913 2561 1085 2627 promoverat
1119 2547 1128 2625 (
1141 2569 1173 2604 ce

793 2653 858 2689 vers
871 2645 913 2688 est
929 2645 1018 2687 avant
1033 2633 1171 2703 lepre'ce'-
1252 2647 1255 2654 ’

794 2716 872 2779 dent,
883 2717 972 2768 Homo
986 2711 1169 2785 perturbatus.

382 2794 480 2864 reperti
794 2796 912 2866 repperti

380 2873 524 2926 numinum
793 2876 936 2927 nominum

262 2951 356 3006 XXIII
375 2952 505 3023 Epilogus
525 2952 559 3006 ad
580 2953 734 3026 Eutychum
791 2954 868 3006 Idem
882 2957 962 3026 poeta

379 3049 480 3085 essene
490 3032 539 3085 tibi
553 3033 644 3087 videar
791 3050 850 3087 esse
863 3034 913 3086 tibi
925 3051 959 3086 ne
970 3030 1060 3084 videar

377 3111 496 3164 materie
791 3124 894 3166 noturae

377 3189 501 3260 quotidie
791 3193 892 3246 cotidie

382 3271 519 3339 perveniet
790 3273 878 3325 veniet

378 3365 474 3419 cepere
674 3343 676 3348 ⁵
789 3367 899 3422 coepero
1146 3391 1154 3421 ,

790 3432 806 3481 J
807 3449 850 3482 em
861 3426 995 3481 desiderat

791 3507 953 3561 beneficium
972 3504 1068 3557 utilius

377 3427 405 3479 in
420 3445 463 3479 me
476 3426 585 3481 desierit

380 3505 541 3559 beneficium
556 3506 623 3560 utiie

217 3653 236 3684 r.
250 3638 304 3684 Non
315 3632 346 3682 od
359 3651 440 3692 orem,
457 3636 498 3685 sod
509 3637 557 3686 imo
573 3636 655 3702 pagine
669 3635 729 3686 imno
743 3635 866 3686 lectionem
884 3633 993 3701 appinxit
1003 3631 1161 3688 Vincentius,

180 3724 230 3765 toto
241 3729 309 3762 versu
321 3729 362 3762 sne
375 3729 447 3762 manu
461 3715 589 3782 rescripto,
602 3713 686 3764 eodem
699 3714 770 3764 modo
782 3733 831 3780 quo
844 3715 870 3764 in
884 3714 988 3764 editione
1000 3712 1093 3777 legitur,
1107 3711 1158 3760 sub-

176 3799 239 3861 jecta
257 3794 333 3842 coium
347 3793 399 3843 voci
412 3804 527 3862 apparatu
541 3793 630 3844 minuta
649 3794 710 3844 lineo
723 3795 821 3844 incurro
838 3795 882 3844 sub
894 3793 978 3844 litteris
991 3810 1018 3850 a,
1035 3802 1051 3840 t.
1065 3795 1117 3855 Qua
1130 3789 1164 3840 ibi

179 3873 242 3946 (nisi
252 3872 283 3922 sit
295 3882 362 3931 noto,
375 3890 449 3938 grece
461 3873 524 3924 dicta
536 3875 592 3944 ὑφέν
604 3891 617 3924 u
628 3874 796 3940 veteribusque
808 3884 919 3941 usurpate
931 3889 984 3923 oum
995 3872 1053 3921 dues
1065 3868 1164 3938 syllabus

180 3960 249 4009 unius
262 3975 311 4008 esse
324 3958 387 4007 voris
400 3958 555 4008 nondunrum
568 3945 672 4006 indicaui
685 3957 785 4018 veilent,
801 3974 823 4007 v.
836 3975 857 4022 g.
870 3965 1000 4025 apparato,
1013 3971 1061 4004 oon
1072 3969 1161 4022 apparo

180 4045 220 4107 tu)
233 4058 276 4091 eur
289 4058 343 4090 usus
354 4041 426 4090 inerit
437 4040 577 4092 Vincentius
589 4056 635 4088 non
650 4039 705 4090 satis
722 4039 802 4104 liquet.
941 4024 967 4038 υ
