3144 5218
356 659 497 710 runnu
522 659 826 708 resumuntur.
844 657 900 718 ιν,
926 655 1002 702 run.
1026 655 1082 727 ²9·
1159 628 1227 725 237

260 890 524 960 ununrmus
545 891 662 958 nunu
686 891 744 960 ΕΤ
761 887 1024 960 nuncnune
1045 864 1204 955 nourr<

235 1091 466 1177 Druentiam,
488 1089 547 1185 qui
566 1071 675 1160 dictus
694 1105 743 1160 est
762 1088 962 1172 Phalereus,

235 1213 384 1282 Athenas
403 1213 581 1310 occupavit
600 1213 742 1309 imperio
761 1213 930 1309 improbo.

234 1339 283 1407 Ut
300 1362 374 1408 mos
392 1353 442 1408 est
458 1336 573 1434 vulgi,
592 1339 715 1434 passim
733 1354 767 1409 et
784 1338 936 1409 certatim
955 1338 1023 1406 ruit
1033 1347 1058 1404 ².

233 1459 424 1534 Feliciter!
445 1454 687 1534 subclamanrt
710 1463 780 1560 Ipsi
799 1457 1016 1558 principesl·

231 1583 331 1654 lllanr
347 1585 543 1680 oswlnntur
564 1611 631 1682 qun
652 1601 732 1656 sunt
748 1585 900 1681 oppressi
920 1605 1083 1668 menum,

232 1708 348 1778 Tacite
375 1723 547 1804 gementes
571 1709 702 1780 tristem
728 1709 872 1779 lortunae
890 1707 1006 1776 vicem.

229 1832 323 1920 Quin
343 1830 444 1899 etiarn
464 1831 587 1900 resides
607 1847 641 1902 et
664 1845 839 1927 sequentes
863 1829 986 1913 otium,

230 1939 312 2022 Nil⁵
339 1950 482 2022 defuisse
506 1969 647 2041 noceat,
674 1947 857 2050 repetunt⁶
881 1949 1020 2021 ultimi:

229 2079 269 2144 ln
290 2075 365 2169 quis
389 2076 597 2167 Menander,
615 2075 742 2147 'nobilis
762 2076 953 2162 comdiis,

228 2200 343 2287 Quas,
362 2199 473 2294 ipsum
494 2201 673 2296 ignorans,
693 2199 818 2295 legerat
835 2203 1047 2279 Demetrius,

229 2325 272 2390 Et
292 2321 500 2392 admiratus?
524 2323 634 2393 fuerat
651 2322 826 2418 ingenium
850 2323 933 2404 viri,

228 2447 414 2538 Unguento
433 2437 655 2534 dilibutus⁸⁸‚
677 2445 803 2516 vestitu
820 2444 975 2514 afluenss
1169 2435 1223 2496 *⁵4

228 2568 394 2638 Veniebat
408 2593 525 2665 gresso
539 2578 570 2612 ¹⁰
592 2567 736 2672 delicate
754 2582 788 2636 et
806 2567 978 2663 languido.

228 2696 329 2762 Hunc
351 2693 411 2763 ubi
435 2709 598 2788 tyrannus
615 2691 701 2764 vidit
723 2668 874 2763 edtremo
897 2692 1054 2788 agmine:

228 2816 394 2905 Quisnam
413 2815 592 2894 cinedus,¹¹
617 2815 673 2890 ille
692 2817 730 2885 in
751 2831 934 2911 conspectu
954 2841 1029 2884 meo

264 3117 285 3148 1.
302 3100 455 3151 Recentiores
474 3101 576 3152 editores
593 3101 656 3152 huuc
676 3117 759 3152 rocem
776 3101 918 3167 rejecerunt.

263 3223 286 3254 n.
303 3204 425 3273 Pitinum
443 3216 523 3254 ruunt.
540 3207 588 3256 sed
607 3207 728 3256 Bentleius
746 3206 815 3256 nobis
833 3206 928 3257 videtur
940 3205 1062 3272 seripturoe
1081 3205 1140 3256 Cud.
1156 3205 1226 3272 paulu

229 3296 329 3364 propior
342 3312 349 3344 ε

297 3406 330 3452 Ut
339 3420 389 3452 mor
402 3413 452 3460 cst,
474 3401 562 3470 vulgus
574 3402 700 3471 pertimet
718 3402 823 3450 certatim
836 3403 890 3451 ruit.
1080 3371 1087 3402 l

261 3525 284 3572 3.
301 3521 381 3583 Prius,
398 3519 543 3572 succlamant
562 3520 637 3586 [sic].
656 3548 689 3557 —
707 3529 731 3576 t.
749 3525 809 3569 Item
822 3520 888 3587 prius
898 3553 906 3577 ,
916 3519 1038 3588 princepis.

262 3635 284 3683 5.
300 3636 375 3683 Recte
390 3630 513 3692 Pithoeus,
529 3634 575 3680 Nc.

262 3741 286 3788 6.
302 3737 391 3788 Melius
405 3735 548 3787 Bittershus.
566 3744 663 3804 repunt,
679 3750 732 3801 qun
746 3736 883 3800 conjecturs
896 3733 1051 3784 confirmetur
1064 3732 1124 3786 uod.
1137 3737 1189 3784 Per.

265 3867 286 3910 7.
304 3852 341 3897 ltu
353 3858 383 3897 ex
395 3845 542 3898 correctione
555 3845 641 3913 prioris
652 3843 777 3904 lectionis,
795 3843 898 3892 miratus.
922 3895 924 3900 ,

266 3960 288 4004 8.
305 3960 351 4005 Pro
366 3953 489 4005 delibutus.
507 3984 539 3993 -
560 3971 583 4018 9.
601 3954 647 4005 Sic.
665 3983 698 3993 —
721 3971 758 4004 10.
772 3957 817 4004 Pro
829 3969 919 4021 fretur.
937 3979 970 3992 -··
991 3971 1027 4002 rr.
1042 3954 1088 4003 Sir.
