3140 5212
369 657 510 706 ennom
536 642 993 714 risnntnnnnn.1,rss.
1018 622 1072 722 13.
1153 647 1216 718 127

421 882 645 952 VULPIS
681 883 750 950 ET
785 878 1034 949 CORVUS.

236 1091 309 1178 Qut
331 1111 365 1156 se
383 1085 512 1155 laudari
538 1084 682 1180 gaudet1
704 1084 814 1154 verbis
831 1079 980 1154 subdolis

234 1205 338 1279 Fere²
364 1209 422 1278 dat
442 1213 568 1304 poenas
583 1204 700 1302 turpi³
724 1206 944 1302 penitentia⁴.

284 1335 373 1403 Cum
392 1330 433 1400 de
456 1331 600 1400 fenestra
624 1333 756 1400 Corvus
782 1342 919 1421 raptum
938 1349 1070 1398 caseum
1132 1321 1135 1326 ’

235 1463 391 1532 Comesse
408 1456 526 1543 vellet,
545 1455 632 1528 celsa
651 1455 798 1526 residens
818 1456 956 1541 arbore,

237 1579 360 1676 Vulpis
378 1581 474 1650 hunc
494 1573 621 1667 vidit5,
640 1575 786 1650 dehiuc⁶
805 1578 852 1648 sic
870 1578 970 1672 coepit
988 1575 1104 1669 loqui:

235 1710 268 1777 0
287 1707 345 1800 qui
363 1720 517 1791 tuarum,
541 1707 682 1791 Corve,
696 1727 889 1800 pennarum
907 1716 957 1772 est
974 1694 1087 1769 nitor!

47 1839 55 1846 “
235 1835 409 1923 Quantum
430 1829 557 1936 decoris
576 1853 716 1922 corpore
733 1843 767 1897 et
784 1825 880 1896 vultu
899 1820 1009 1922 geris!

235 1955 272 2024 Si
291 1978 404 2024 vocem
427 1952 589 2038 haberes,
609 1950 702 2020 nulla
722 1952 815 2045 prior
832 1949 898 2018 ales
915 1949 1012 2018 foret.

229 2067 281 2148 'At
300 2077 354 2146 ille
371 2076 511 2163 stultus,
529 2076 608 2144 dum
627 2075 700 2145 vult
721 2100 833 2144 vocem
852 2072 1044 2158 ostendere,

236 2201 356 2269 Emisit
376 2224 433 2267 ore
453 2222 613 2283 caseum,
636 2223 736 2290 quem
760 2197 910 2266 celeriter

236 2321 362 2390 Dolosa
383 2319 502 2414 Vulpis
525 2319 630 2388 avidis
654 2319 766 2414 rapuit
786 2318 953 2388 dentibus.

236 2449 323 2513 Tum
342 2443 474 2512 demum
495 2442 659 2536 ingemuit
677 2444 780 2512 Corvi
798 2441 957 2534 deceptus
977 2447 1129 2532 stupor7.

286 2571 359 2635 Hac
382 2591 417 2634 re
438 2564 600 2658 probatur
624 2576 786 2656 quantum
810 2551 1005 2656 ingenium⁸
1033 2559 1138 2643 velet,

237 2692 400 2761 Virtute9
427 2714 558 2784 semper
581 2687 739 2784 praevnlet
761 2688 933 2782 sapientia.
1034 2771 1037 2778 .

273 2870 295 2901 1.
310 2850 374 2900 Petri
387 2848 493 2900 Danielis
505 2848 611 2898 chartule
623 2884 630 2907 ‚
641 2845 767 2914 gaudent:
781 2856 807 2897 ut
821 2862 890 2896 versu
902 2845 1027 2911 sequenti,
1040 2813 1101 2894 dant
1109 2859 1154 2911 pro
1162 2841 1211 2893 dat.

273 2961 298 2992 α.
314 2941 374 2994 cod.
387 2944 450 2991 Dan.
467 2944 536 2990 Sere.
553 2968 586 2978 -
605 2943 628 2989 3.
646 2940 712 2990 Idem
725 2939 786 2990 Cod.
799 2938 923 2990 Danielis:
937 2937 1031 3006 tarpeis.

271 3045 294 3092 t.
310 3034 357 3084 Sic.
378 3037 429 3083 Hos
448 3032 508 3084 duos
528 3048 608 3082 versus
627 3031 661 3082 ite
677 3030 761 3082 scribit
773 3032 892 3096 Rigaltius
906 3047 921 3080 e
935 3030 994 3082 Cod.
1008 3034 1086 3090 Dan,
1102 3027 1227 3081 Schwabio

237 3117 380 3171 assentiente
392 3133 401 3167 ε

382 3195 430 3260 Qui
441 3211 467 3243 se
482 3193 577 3244 laudari
591 3192 699 3261 gaudent
712 3193 791 3243 verbis
807 3192 927 3252 subdolis,

386 3277 446 3322 Sera
466 3270 525 3322 dant
538 3289 623 3340 poenas
638 3283 716 3341 turpes
730 3272 874 3340 poenitemia.

272 3365 295 3414 5.
311 3363 436 3414 Pithoeus:
457 3367 525 3413 Hunc
537 3361 600 3412 vidit
615 3362 719 3431 helpes,
738 3363 803 3428 quod
821 3363 912 3430 recepit
925 3362 1079 3422 Schwabius‚
1095 3362 1144 3412 ,nisi
1161 3361 1225 3429 quod

239 3442 323 3512 Volesi
333 3440 423 3507 ubique
435 3441 569 3510 scripserit,
579 3450 605 3492 ut
618 3441 643 3490 in
655 3441 716 3492 Cod.
729 3445 762 3491 ht
774 3446 800 3491 P.
816 3445 878 3492 Dan,
890 3441 1011 3493 chartula:
1026 3441 1112 3510 Vulpes
1125 3439 1227 3491 utoidit.

270 3537 295 3584 6,
312 3532 358 3584 Hie
371 3533 477 3598 ejusdem
487 3533 600 3584 chartule
612 3533 647 3582 Cl.
659 3532 772 3583 Schwabe
784 3533 874 3599 recepit
887 3533 1012 3583 lectionem
1024 3550 1031 3582 ι
1044 3532 1136 3582 deinde.

273 3645 295 3689 7.
303 3631 360 3678 Post
367 3625 432 3678 hunc
441 3643 533 3676 versum
545 3624 681 3676 Schwabius
690 3626 813 3677 asteriscos
821 3628 946 3694 apposnit,
963 3636 988 3676 ut
997 3637 1078 3678 notam
1086 3629 1184 3678 lacunae.

272 3724 296 3770 8.
311 3724 368 3770 Hes
383 3719 430 3768 dno
444 3717 515 3769 verba
528 3718 662 3784 transponit
674 3717 821 3768 doctissimus
835 3711 949 3770 Schwabe
962 3735 1015 3769 cum
1029 3721 1144 3770 Nerelete
1162 3736 1168 3769 :
1190 3721 1228 3769 in·

240 3803 337 3871 genium
349 3811 469 3872 quantum.

273 3913 297 3960 9.
309 3895 414 3946 Pitboens
424 3895 542 3962 supplevit
554 3905 583 3952 et,
600 3911 670 3960 quem
683 3895 858 3962 conjecturam,
881 3905 908 3945 ut
924 3897 999 3945 levem
1019 3897 1141 3963 scripture
1152 3905 1230 3946 mute-

241 3975 344 4036 tionem,
363 3972 499 4024 Schwabius
511 3973 617 4040 recepit,
631 3973 815 4040 haudquaquam
826 3974 855 4024 iis
868 3975 993 4025 obsecutus
1004 3975 1045 4041 qui
1059 3984 1137 4026 toturn
1150 3976 1229 4025 locum

240 4053 395 4105 turbaverunt
408 4053 479 4104 vario
490 4052 692 4115 correctionibus,
706 4062 747 4102 eut
759 4053 800 4119 qui
812 4053 870 4122 duos
883 4071 962 4104 versus
975 4055 1073 4105 omnino
1089 4056 1232 4120 rejecerunt.
