3200 5214
363 635 407 720 34
750 643 959 709 enimes.

409 815 426 850 (ι
445 789 532 856 Cum
551 791 733 858 cicuitum
753 795 975 874 instituisset,
1003 805 1045 859 ut
1067 791 1255 860 commoda
1274 816 1346 886 pu-

364 908 459 979 blica
487 908 619 1007 ubsque
638 918 797 1008 propriis
821 919 971 1010 negotiis
992 919 1242 1010 proeverteret,
1275 929 1348 984 toto

361 1030 621 1104 laudatissima
649 1037 726 1130 ejus
752 1041 841 1107 vitoe
869 1035 1045 1122 decursu,
1081 1042 1117 1106 in
1151 1035 1347 1106 litterarum

359 1156 484 1226 studiis
500 1163 551 1228 sic
567 1175 733 1229 uersatus
751 1176 820 1245 est,
847 1177 888 1230 ut
905 1160 1048 1231 assidue
1067 1160 1290 1257 exquirendo
1317 1176 1350 1227 et

359 1279 551 1349 scrutando
571 1281 824 1366 bibliothecas,
847 1291 1077 1380 antiquorum
1094 1289 1226 1380 scripta
1245 1281 1310 1354 vel
1325 1309 1349 1352 a

363 1402 515 1488 mendis,
537 1403 600 1474 vel
610 1403 659 1474 ab
674 1410 818 1476 interitu
833 1406 1032 1477 vindicaret
1045 1435 1059 1494 ,·
1078 1423 1142 1476 aut
1154 1405 1246 1476 altos
1258 1431 1349 1502 quos

362 1530 398 1594 in
427 1550 471 1595 ea
492 1551 531 1596 re
556 1526 700 1621 aliquid
719 1555 828 1626 posse
848 1529 1063 1624 judicabat,
1097 1527 1346 1615 exhortando,

359 1647 575 1746 impellendo
606 1667 715 1747 utque
733 1654 919 1747 juvanda,
954 1650 1055 1723 nullo
1087 1668 1246 1750 ternpore
1276 1674 1347 1721 non

360 1773 504 1869 ahquid
529 1792 681 1845 moveret
704 1801 748 1846 uc
772 1792 1005 1872 promoveret.
1030 1776 1105 1846 Sub
1129 1782 1240 1870 ipsum
1261 1780 1347 1845 vitoe

360 1901 497 1965 exitum
516 1900 553 1966 B.
573 1897 709 1968 Hilarii
714 1899 937 1995 fragmentis
953 1899 1128 1970 historicis
1146 1914 1183 1969 et
1196 1896 1351 1968 Phaedri

355 2023 497 2109 famosi
512 2020 682 2092 illiussub
699 2023 835 2092 Tiberio
854 2022 971 2092 liberti
980 2020 1127 2116 sabulis
1139 2020 1347 2118 publicatis.

409 2174 425 2208 n
442 2147 492 2212 Et
509 2143 640 2214 utalia
664 2150 700 2213 in
721 2170 804 2214 eum
826 2149 950 2214 merito
974 2143 998 2214 ὰ
1026 2145 1182 2217 Nicoluo
1203 2143 1345 2228 Fabr0,

362 2265 545 2337 individuo
563 2267 858 2338 vitustudiorum
870 2271 1009 2353 comite,
1028 2267 1214 2338 cumulata
1232 2265 1349 2362 elogia

359 2413 433 2458 non
450 2389 603 2460 sileam:
622 2415 726 2460 nemo
745 2389 869 2460 melius
888 2397 1217 2487 unumquempiam
1241 2406 1348 2459 auto-

359 2537 433 2582 rem
456 2520 572 2599 novit,
595 2540 705 2608 quam
728 2521 802 2612 ipse
827 2539 951 2586 omnes
978 2521 1146 2609 antiquos
1169 2521 1349 2607 utriusque

358 2636 492 2734 linguae
507 2645 706 2736 scriptores,
731 2664 822 2734 quos
840 2639 893 2709 ad
906 2664 1020 2708 unum
1039 2641 1193 2732 legerat,
1215 2637 1268 2708 ad
1284 2664 1350 2708 ve·

359 2777 437 2830 tera
456 2760 656 2831 contulerat
674 2761 899 2856 exemplaria
918 2777 954 2830 et
977 2778 1202 2831 concesserat.
1311 2741 1313 2745 V

408 2889 565 2956 «Nemo
583 2889 729 2980 privata
757 2900 792 2954 et
808 2883 999 2954 domestica
1024 2888 1167 2980 negotia
1187 2891 1350 2955 exactius

360 3013 491 3093 tenuit,
519 3032 632 3104 quam
658 3013 734 3104 ipse
759 3023 944 3077 externam
966 3006 1212 3101 Gallicamque
1240 3009 1350 3078 histo-

362 3137 473 3217 riam,
502 3135 656 3226 origines
672 3128 911 3227 populorum,
943 3130 1195 3227 descriptiones
1215 3147 1350 3228 tempo-

361 3279 462 3340 rum,
497 3259 731 3323 successiones
749 3255 1003 3342 familiarum,
1037 3252 1157 3341 bella,
1174 3255 1347 3343 foedera,

361 3382 625 3462 conventiones,
646 3375 709 3446 vel
727 3391 935 3446 exterarum
956 3382 1047 3446 inter
1064 3402 1122 3463 se,
1147 3376 1212 3448 vel
1228 3375 1350 3447 nobis-

359 3525 437 3570 cum
459 3517 580 3598 gesto,
614 3500 724 3595 leges,
753 3525 889 3584 mores,
918 3487 1187 3572 consuetudines
1203 3506 1349 3596 provin-

360 3629 516 3712 ct'arum,
539 3624 816 3719 singulariumve
833 3624 1000 3694 urbium:
1017 3649 1171 3721 quarum
1189 3630 1349 3695 omnium

360 3772 477 3818 rerum
495 3773 519 3816 a
545 3755 671 3819 teneris
693 3756 795 3819 annis
819 3747 996 3840 indffesso
1023 3748 1148 3818 labore
1172 3749 1243 3819 sibi
1264 3773 1349 3846 per-

352 3873 491 3958 fectam
505 3875 684 3956 notitiam,
702 3887 776 3940 tum
787 3895 835 3942 ex
845 3870 1004 3967 vulgatis
1016 3871 1133 3955 libris,
1152 3877 1349 3942 tumetium

360 4021 405 4066 eu
428 4001 586 4092 antiquis
611 3995 850 4084 bibliothecis,
876 3997 1025 4067 archivis
1051 4001 1170 4092 regiis,
1197 3998 1348 4066 Senatus
