3144 5218
398 627 466 724 196
540 647 681 695 rums
699 645 916 694 ammaon
940 645 1008 692 mr.
1026 644 1175 706 1v‚rsa
1192 621 1229 702 4.

647 879 841 968 nouus
871 879 937 946 nr
967 877 1122 944 aren.

393 1083 515 1162 Eoum
534 1078 649 1148 sedare
665 1077 784 1148 solitus
804 1104 872 1172 quo
893 1079 1003 1147 fuerat
1019 1079 1134 1160 sitim,

394 1207 486 1274 Dum
503 1227 573 1272 sese
590 1206 684 1297 Aper
700 1202 849 1285 volutat,
868 1203 1018 1272 mrbavit
1034 1201 1170 1270 vadum.

393 1328 482 1397 Hinc
499 1341 573 1396 orta
594 1325 635 1396 lis
657 1342 719 1396 est
741 1327 883 1422 Sonipes
906 1328 1013 1395 iratus
1032 1325 1104 1394 fero

393 1445 607 1520 Auxilium'¹
624 1450 733 1543 petit¹
748 1449 918 1534 hominis3
935 1473 1037 1542 quem
1051 1448 1152 1517 dorso
1166 1446 1280 1516 lenus
1333 1445 1386 1490 ’θ’

394 1571 498 1642 Redit
515 1572 559 1642 ad
573 1573 703 1642 hostem
720 1571 814 1642 leuas
824 1569 851 1641 ³.
868 1573 971 1642 lactis
988 1572 1080 1641 huno
1097 1570 1173 1640 telis
1186 1597 1288 1665 eques

393 1701 574 1792 Postquam
593 1696 773 1779 interficit,
792 1699 840 1766 sie
859 1695 991 1765 locutus
1011 1694 1180 1764 traditur:

393 1822 505 1889 Laetm
521 1818 636 1890 tulisse
654 1818 817 1889 auxilium
835 1845 889 1888 me
910 1819 1064 1912 precibus
1082 1819 1149 1887 tuis
1164 1845 1175 1906 ;

392 1944 481 2013 Nam
500 1941 664 2036 predem⁴
689 1945 782 2036 cepi,
804 1957 839 2011 et
857 1942 959 2011 didici
978 1967 1080 2036 quam
1097 1943 1143 2010 sis
1161 1940 1263 2011 utilis.

396 2067 507 2160 Atque
529 2065 576 2134 ita
599 2067 709 2160 coegit
733 2065 844 2134 frenos
864 2068 1008 2134 invitum
1027 2067 1107 2160 pati.

394 2192 481 2258 Tum
501 2177 654 2256 mestus⁵
674 2186 753 2257 ilie:
776 2192 888 2257 Parvae
908 2188 1092 2257 vindictam
1109 2189 1181 2272 rei,

395 2318 487 2385 Dum
506 2339 612 2409 quero
630 2313 790 2401 demens,
809 2316 1003 2384 servitutem
1024 2315 1167 2408 repperi.

441 2440 521 2507 Haec
541 2437 719 2506 iracundos
738 2437 933 2507 admonebit
951 2435 1064 2506 fabula

392 2568 535 2659 Impune
553 2560 697 2660 pocius⁶
718 2564 790 2634 laedi
811 2590 912 2660 quam
935 2565 1012 2635 dedi
1030 2564 1137 2634 alteri.

436 2799 457 2829 1.
476 2779 522 2829 Hic
534 2779 620 2846 incipit
631 2782 716 2847 pagina
728 2783 769 2830 θα.
785 2786 825 2831 Est
844 2782 909 2831 enim
928 2781 1039 2831 foliorum
1060 2782 1134 2830 series
1150 2782 1176 2830 in
1193 2781 1258 2830 enies
1275 2779 1386 2833 (Miris,

398 2869 555 2936 compactoris
571 2871 657 2937 eulpa,
677 2871 710 2922 ita
729 2872 932 2938 perturbamus
951 2890 964 2922 s
987 2872 1072 2939 pagiua
1091 2873 1268 2939 quadragesima
1289 2872 1388 2939 septima

400 2959 569 3012 transeundum
583 2961 614 3010 sit
625 2961 656 3010 ad
668 2962 834 3028 sexagesimam
847 2965 983 3014 semustam.
999 2969 1074 3014 Recte
1087 2981 1112 3014 se
1124 2963 1215 3014 habent
1227 2964 1318 3030 pagine
1334 2962 1388 3013 sulr

399 3061 525 3118 sequentes
538 3068 612 3118 usque
631 3054 661 3103 ad
680 3054 873 3121 septuagesimam
890 3058 1013 3124 septimam
1032 3058 1120 3118 imam,
1140 3073 1155 3107 a
1172 3073 1220 3123 qna
1238 3055 1387 3106 redeundum

400 3145 431 3196 ad
447 3144 743 3212 duodequinquagesimam
755 3165 762 3197 ε
775 3165 804 3198 ea
823 3158 858 3199 est
874 3151 952 3217 prima
970 3151 1132 3216 quaternionis
1151 3149 1307 3217 transpositi,
1323 3150 1388 3215 eujus

401 3237 470 3298 finis,
485 3253 532 3288 uus
544 3253 599 3288 eum
613 3237 662 3288 fine
674 3239 805 3290 fabularum
818 3240 927 3301 Phaedri,
942 3241 1029 3292 incidit
1042 3242 1066 3291 in
1078 3242 1187 3308 paginam
1199 3244 1240 3292 61.

434 3347 457 3377 n.
475 3328 595 3390 pitheus,
607 3331 687 3398 petii&
701 3333 776 3383 secuti
787 3341 842 3383 sunt
853 3333 971 3393 editores,
985 3343 1012 3383 ut
1030 3334 1090 3383 inira
1100 3371 1108 3395 ‚
1120 3332 1190 3382 rediit
1199 3350 1244 3402 pro
1256 3334 1323 3384 redit.

436 3424 457 3470 3.
474 3420 592 3482 Pithoeus,
612 3433 725 3489 sequente
737 3424 877 3484 Schwabio,
895 3423 963 3474 loetus
974 3424 1064 3492 abjicit.
1084 3452 1117 3460 -
1133 3435 1158 3482 1.,
1175 3425 1222 3476 Sit

436 3515 458 3563 5.
476 3518 521 3564 Pro
538 3525 644 3576 mestun
666 3525 689 3566 et
707 3532 775 3566 versu
790 3517 898 3583 sequenti
915 3535 1002 3584 quero,
1015 3533 1059 3584 pro
1072 3534 1159 3584 quoero.

435 3609 459 3655 6.
479 3605 526 3655 Sic.
