3200 5214
637 667 855 732 onustos.
1197 661 1241 732 33

254 809 378 893 tanes,
402 805 465 880 des
483 809 616 907 prelats
634 810 814 899 celebres,
837 811 900 882 des
921 808 1055 908 grands
1078 809 1243 882 hommes

254 925 362 996 d'etot
381 929 446 1024 qui
465 943 533 1000 ont
550 927 662 1000 fonde
683 947 719 1002 et
738 933 802 1028 qui
823 933 1059 1003 soutiennent
1077 931 1109 1001 la
1130 931 1243 1028 gloire

254 1048 300 1119 de
320 1073 379 1120 ces
396 1053 552 1122 maisons
566 1063 590 1122 ¹.
607 1085 623 1118 n

299 1174 354 1244 De
376 1171 592 1248 semblables
619 1175 792 1273 louanges
814 1177 1024 1274 pourraient
1046 1173 1243 1274 paraitree

251 1295 315 1366 des
340 1301 525 1394 etrongers
554 1297 675 1396 plutot
695 1298 782 1370 d'un
807 1301 1033 1397 panegyriste
1055 1323 1129 1395 que
1157 1296 1243 1369 d'un

250 1416 439 1489 historien.
460 1424 633 1492 Avouons
646 1421 764 1494 meme
778 1447 850 1519 qne
866 1421 1059 1520 beaucoup
1077 1421 1123 1492 de
1135 1425 1243 1491 Fran·

250 1541 321 1630 qais
344 1540 508 1612 instruits
533 1544 760 1616 connaissent
782 1559 999 1642 voguement
1026 1544 1060 1616 le
1083 1569 1170 1615 nom
1197 1543 1242 1614 de

251 1661 403 1753 Pithon,
427 1689 508 1736 sans
527 1669 625 1738 avoir
641 1693 714 1738 une
735 1664 815 1740 idte
833 1683 956 1740 exacte
975 1667 1025 1739 du
1046 1669 1175 1738 merite
1193 1667 1239 1737 de

251 1799 308 1856 cet
327 1784 475 1858 homme
494 1787 785 1861 extraordinaire.
812 1794 866 1862 De
885 1789 1010 1876 Thou,
1039 1791 1104 1887 qui
1126 1788 1241 1860 l’avait

250 1931 372 1980 conno
395 1911 645 2000 intimement‚
675 1913 710 1984 le
729 1914 910 2010 regardait
931 1937 1076 1984 comme
1100 1937 1151 1983 un
1177 1911 1241 1983 des

250 2031 331 2126 plus
348 2033 482 2129 grands
500 2034 664 2108 hommes
683 2039 746 2135 qui
760 2039 860 2110 aient
881 2038 1009 2132 jamais
1027 2037 1151 2108 existe.

298 2189 315 2224 α
336 2165 529 2234 Enimvero
552 2170 582 2235 is
609 2170 680 2250 vir,
712 2181 752 2234 ut
779 2165 893 2236 verbo
922 2165 1062 2248 dicam,
1091 2161 1240 2261 publico

251 2281 345 2352 bono
364 2301 491 2367 notus,
516 2303 551 2355 et
569 2288 818 2382 magnitudine
835 2293 952 2358 animi
965 2293 1164 2358 universam
1183 2311 1238 2356 re-

251 2427 332 2476 rum
346 2411 553 2492 seientiam,
573 2432 618 2479 ac
638 2416 862 2504 negotiorum
873 2408 1107 2506 publicorum
1128 2435 1239 2480 exac-

250 2541 326 2598 tam
336 2535 572 2624 cognitionem
582 2531 802 2603 admiranda
809 2533 1003 2630 prudentia
1016 2533 1237 2630 complexus,

249 2648 387 2720 nullum
408 2667 551 2750 tempus
569 2680 594 2723 α
614 2660 715 2726 senis
732 2655 1026 2754 occupationibus
1049 2655 1147 2727 elabi
1170 2682 1239 2728 va·

248 2796 353 2843 cuum
372 2775 536 2862 sinebat,
559 2803 653 2874 quo,
678 2783 902 2876 antiquitatis
919 2785 1162 2852 monumentis
1185 2781 1239 2850 di·

248 2893 395 2990 lt'gentio
414 2923 506 2985 suo,
530 2899 593 2971 vel
610 2906 738 2986 emtis,
768 2900 831 2973 vel
849 2901 1025 2973 industn'n
1053 2901 1240 2975 illustrans

201 3019 203 3024 ’
242 3026 445 3112 posteritati
460 3026 668 3112 concuteret,
691 3039 758 3094 aut
774 3023 931 3096 oliorum
952 3041 1103 3097 conotus
1122 3025 1200 3097 ael
1224 3067 1238 3082 -

250 3139 350 3214 bones
367 3150 406 3214 in
416 3143 608 3241 publicum
621 3146 727 3220 utiles
746 3148 954 3243 adjuvaret,
975 3151 1035 3220 vel
1041 3150 1237 3247 prudentio

247 3263 402 3363 denz'que
417 3292 463 3338 ac
473 3269 626 3341 consiliis
632 3278 708 3340 suis
715 3270 908 3367 prodesset.
934 3275 1018 3363 Quo
1035 3277 1149 3369 magis
1164 3297 1235 3356 eos,

248 3389 377 3484 quibus
395 3397 577 3487 ingenium
598 3393 749 3491 largitus
767 3409 821 3464 est
837 3399 958 3477 Deus,
983 3400 1071 3465 eniti
1087 3393 1188 3464 decet
1201 3411 1241 3464 ut

249 3527 326 3580 tam
344 3510 568 3586 laudabilem
587 3515 676 3586 bene
696 3515 741 3584 de
752 3512 902 3611 publico
921 3516 1085 3586 merendi
1107 3516 1237 3589 volun·

249 3648 357 3703 tatem
387 3636 621 3724 aemulentur,
656 3655 691 3708 et
716 3635 845 3708 eadem
875 3663 987 3737 opera
1014 3649 1147 3712 summi
1170 3649 1242 3714 viri

249 3763 460 3828 memoriam
480 3761 585 3857 apud
598 3781 764 3857 posteros
787 3763 1076 3836 commendent2.
1092 3797 1109 3832 n

291 3965 315 4002 1.
337 3941 469 4022 Grosley.
487 3949 569 4003 Tom.
583 3951 628 4018 ll,
646 3969 709 4026 pag.
724 3945 851 4026 63-299.

292 4070 317 4107 ι.
339 4049 452 4110 Thoani
474 4055 668 4113 Comntentar.
683 4055 719 4114 de
734 4060 792 4114 vita
807 4077 873 4130 sua,
888 4057 938 4116 tib.
954 4063 1003 4116 vl.
