3140 5212
365 609 431 678 128
505 629 647 680 ennom
671 631 889 680 resumtum
911 631 975 680 tm.
993 632 1029 696 r,
1051 631 1126 680 ru.
1153 611 1203 694 14.

496 846 595 916 EX*
624 848 851 918 SUTORE
882 847 1157 917 MEDIGUS.
1298 843 1352 889 *¹⁰

358 1063 487 1131 Metus
512 1083 589 1130 curn
616 1063 720 1130 Sutor
740 1059 854 1154 inopia
875 1056 1070 1151 deperditus

358 1183 560 1253 Medicinam
578 1183 695 1278 ignoto
715 1181 823 1250 facere
841 1179 993 1275 coepisset
1015 1178 1111 1265 loco,

358 1309 400 1374 Et
424 1283 611 1375 venditaret
636 1303 719 1374 falso
742 1301 978 1373 anthidotum¹
1001 1303 1161 1373 nomine:

357 1428 518 1499 Verbosis
536 1427 747 1522 adquesivit²
768 1427 830 1496 sibi
856 1426 979 1496 famam
1004 1425 1124 1496 strofis.

358 1550 423 1621 Hic
441 1575 518 1621 cum
533 1551 660 1644 jaceret
678 1549 796 1618 morbo
820 1548 990 1618 confectus
1009 1550 1100 1640 gravi

357 1679 431 1744 Rex
454 1674 566 1759 urhis,
584 1674 656 1769 ejus
672 1671 865 1769 experiendi
886 1672 1013 1767 gratia,

358 1797 528 1892 Scyphum
547 1799 726 1892 poposcit:
753 1797 826 1866 fusa
845 1791 948 1865 deio³
974 1795 1133 1866 simulans
1154 1821 1241 1890 aqua

357 1918 499 1988 Miscere
520 1918 722 1987 enthid0t0⁴
748 1917 838 1988 illius
858 1943 893 1988 se
914 1919 1080 2000 toxicum,

356 2031 499 2112 Bibere⁵
517 2043 617 2137 jussit
635 2044 745 2138 ipsum
764 2044 874 2137 posito
892 2043 1023 2137 premio
1037 2037 1063 2111 ⁶.

355 2168 491 2237 Timore
515 2169 632 2237 mortis
659 2166 715 2236 ille
739 2182 811 2237 tum
834 2166 1004 2236 coufessus
1028 2181 1079 2235 est

357 2292 437 2361 Non
454 2291 535 2360 artis
554 2290 621 2359 ulla
639 2289 829 2360 medicum?
851 2315 887 2360 se
904 2288 1080 2384 prudentia

357 2418 485 2484 Verum
506 2429 642 2510 stupore
663 2413 754 2509 vulgi
775 2415 901 2484 factum
921 2410 1079 2482 nobilem.

358 2541 429 2606 Rex
447 2539 607 2607 advocata
628 2528 814 2607 contione8
834 2537 905 2606 haec
924 2534 1078 2604 addidit:

359 2659 519 2747 Quante9
542 2660 668 2752 putatis
687 2683 758 2728 csse
777 2685 836 2728 vos
858 2658 1057 2742 dementiae,

358 2783 428 2870 Qui
454 2782 563 2876 capita
590 2797 698 2850 vestra
723 2806 790 2849 non
810 2780 970 2852 dubitatis
995 2779 1130 2851 credere

359 2905 423 2974 Cui
445 2901 621 2973 calcandos
633 2912 665 2946 ¹⁰
686 2927 785 2972 nemo
806 2905 974 2972 commisit
999 2903 1110 2997 pedes.

406 3030 480 3095 Hoc
506 3026 673 3119 pertinere
701 3051 778 3094 vere
801 3024 844 3095 ad
864 3025 940 3096 illos
962 3026 1104 3094 dixerim

359 3149 515 3238 Quorum
536 3147 684 3218 stultitiae
705 3153 877 3243 questus¹¹
898 3149 1113 3244 inprudentia
1123 3154 1152 3186 ¹²
1177 3165 1237 3218 est.

394 3301 415 3333 r.
429 3283 483 3344 Sic,
503 3300 551 3350 pro
563 3283 704 3334 autidutum.
1019 3341 1022 3346 ¹

392 3382 415 3412 a.
432 3362 488 3423 Sic,
506 3380 550 3430 pro
563 3361 716 3434 adquaestum
733 3373 760 3415 ut
772 3373 879 3414 extremo
891 3377 960 3413 versu
973 3364 998 3413 iu
1011 3363 1108 3424 strofis,'
1125 3361 1148 3426 f
1155 3377 1199 3428 pro
1207 3359 1250 3430 pt.

392 3445 414 3490 3.
431 3445 514 3492 Postea
526 3451 679 3492 correctum:
693 3441 786 3492 deinde.
801 3433 870 3492 P'rior
888 3441 959 3492 lectio
976 3451 1100 3492 recteest.
1116 3470 1149 3480 -
1166 3450 1191 3498 t.
1208 3441 1254 3492 sic.

392 3520 414 3568 5.
430 3519 536 3570 Pithoeus
550 3535 557 3569 ε
572 3523 625 3570 Hoc
638 3518 722 3571 bibere.
738 3525 799 3572 Cum
811 3525 951 3571 Burmanno
965 3521 1122 3572 Schwebius:
1139 3519 1283 3570 Combibere,

391 3599 414 3648 6.
427 3596 475 3648 Sic.
486 3625 519 3636 —
538 3615 561 3659 7.
575 3599 730 3650 Gronovius:
747 3597 851 3650 mdicoe.
864 3599 961 3650 Melius.
986 3628 1020 3638 -
1036 3602 1060 3650 8.
1075 3601 1133 3662 Sic,
1147 3617 1192 3667 pro
1205 3600 1317 3650 concione

390 3698 414 3743 9.
431 3679 477 3731 stc.
493 3709 526 3719 -
546 3698 584 3732 ιο.
600 3681 653 3742 sic,
674 3680 717 3748 pto
734 3681 874 3732 calceandos
891 3711 923 3720 -
943 3683 1233 3751 11.Sic‚proquoestus.

394 3775 431 3809 ια.
447 3764 516 3810 Erret
528 3759 658 3810 Brotierius
670 3770 758 3811 testans
771 3761 797 3811 iu
813 3762 872 3812 Cod.
886 3761 992 3812 Rosauh.
1006 3778 1058 3811 esse
1074 3760 1220 3830 inpudentia
1236 3777 1243 3811 :
1264 3775 1351 3812 vooem

358 3837 505 3908 inprudentia
526 3837 772 3899 litteratissimis,
788 3840 863 3908 prima
877 3856 948 3890 mauu
964 3855 992 3889 ec
1005 3840 1056 3890 sine
1070 3840 1117 3890 ullu
1130 3842 1277 3892 correctione
1296 3840 1352 3890 ficri

358 3935 408 3970 nou
421 3928 500 3986 potest
516 3926 543 3967 ut
559 3919 628 3968 aliter
640 3918 709 3984 legas.
726 3919 830 3970 Pithoeus
843 3919 952 3987 primus:
974 3917 1130 3987 impudentia.
1147 3924 1249 3970 Versum
1264 3935 1350 3968 cmeu·

358 3997 440 4050 datum
451 4015 465 4050 e
477 4003 616 4049 Bormanon
627 3999 726 4064 aliisque
737 3999 770 4048 ite
788 3999 870 4050 scribit
882 3998 1019 4048 Schwabius
1031 4003 1063 4048 V.
1075 3998 1110 4050 Ci.

491 4081 595 4141 Quarum
610 4075 706 4127 stultitia
723 4087 823 4146 quastus
838 4074 985 4145 inpudentia
1003 4087 1043 4125 est.
