3140 5212
343 661 484 708 rusum
505 657 725 706 utrumnum
744 659 811 703 nm.
830 657 892 718 ιιι,
912 654 989 702 rar.
1014 635 1066 714 ¹4·
1148 627 1213 700 185

341 892 410 959 DE
440 891 587 958 LUSU
615 891 679 957 ET
710 886 1098 958 SEVERITATE¹.

129 1097 130 1100 ’
224 1095 427 1162 Punnonun
446 1093 481 1159 in
501 1092 600 1160 turba
620 1091 755 1185 quidam
777 1089 945 1159 ludentem
962 1089 1093 1159 Atticus

224 1217 386 1308 AEsopum
408 1213 556 1292 nucibus
574 1239 653 1283 cum
674 1211 830 1298 vidisset,
855 1213 999 1298 restitit,

225 1339 268 1405 Et
287 1337 381 1431 quasi
404 1335 577 1407 delerum²
601 1338 684 1406 risit.
701 1337 804 1428 Quod
826 1337 931 1406 sensit
952 1333 1051 1404 simul

225 1461 366 1528 Derisor
384 1461 617 1554 potiusquam
638 1459 840 1529 deridendus
866 1483 988 1544 senex,

228 1582 350 1649 Arcum
371 1595 539 1649 retensum
562 1582 674 1675 posuit
695 1583 731 1650 in
750 1581 859 1652 media
876 1581 954 1650 via:

227 1699 342 1770 Heus!
363 1677 495 1798 inquit,
519 1706 672 1799 sapiens,
698 1704 820 1799 expedi
847 1703 930 1798 quid
952 1702 1097 1772 fecerim.

228 1826 412 1894 Concurrit
430 1825 586 1922 populus.
610 1827 670 1896 ltle
693 1853 727 1896 se
752 1841 888 1922 torquet
906 1826 987 1911 diu,

228 1951 298 2020 Nec
315 1951 507 2043 quaestionis
530 1951 646 2044 positae
664 1975 799 2021 causam
819 1947 984 2044 intellegit
995 1943 1023 2018 ³.

227 2073 414 2142 Novissime
437 2075 634 2143 succumbit.
657 2078 743 2144 Tum
762 2075 870 2143 victor
887 2073 1067 2168 AEsopus4.

229 2197 305 2266 Cito
325 2221 460 2290 rumpes
478 2221 612 2284 arcum,
637 2222 767 2292 semper
786 2199 814 2266 si
833 2213 966 2266 tensum
984 2195 1164 2282 hahueris3

230 2320 320 2386 Arsi
339 2317 478 2404 laxaris,
499 2345 575 2390 eum
599 2320 688 2388 voles
710 2321 774 2388 erit
798 2319 900 2389 utilis.

277 2442 332 2510 Sic
355 2431 474 2510 lusus⁵
497 2443 610 2510 auimo
629 2442 751 2511 debent
772 2441 952 2535 aliquando
979 2442 1071 2526 dari,

230 2563 281 2633 Ad
305 2563 520 2658 cogitandum
544 2563 662 2633 melior
683 2580 721 2633 ut
745 2563 857 2670 redeat
879 2564 951 2633 tihi.

265 2827 286 2858 1.
303 2810 412 2860 Editoroe
425 2827 431 2862 :
446 2813 550 2879 AEropur
563 2809 653 2860 ludens.
669 2839 702 2848 —
716 2829 739 2860 ι.
752 2811 806 2871 Sic,
825 2827 869 2877 pro
882 2809 988 2860 delirum.

263 2907 285 2954 ³.
301 2905 356 2963 sie,
380 2921 425 2972 pro
438 2904 555 2973 intelligit.

261 3009 284 3056 4.
302 2997 427 3057 Editores,
441 2997 535 3067 sophus.
551 3002 611 3062 Quae
624 2999 759 3049 emendatio
772 3015 821 3049 nou
835 2998 947 3060 debetur,
956 3007 981 3047 ut
995 2997 1102 3058 credunt,
1117 2997 1218 3057 rithmo,

144 3135 149 3149 ,
228 3089 269 3156 qui
282 3090 361 3140 suain
374 3090 480 3141 editione
492 3107 573 3141 vocem
592 3093 695 3159 AEsopus
707 3092 819 3142 asterisco
839 3089 953 3140 duntaxat
967 3090 1065 3141 notavit.

263 3181 285 3229 5.
303 3179 439 3232 schwabius
452 3197 507 3232 curn
519 3181 642 3233 Scheffero
655 3199 683 3233 ue
696 3186 835 3234 Burmanro
847 3199 853 3232 :
867 3181 937 3234 ludus
951 3183 1029 3232 animo
1048 3181 1124 3233 debet.

637 3589 797 3755 &3ss
862 3696 866 3704 .
