3200 5214
614 663 818 730 nnirncn

310 807 447 871 lreitnrns
463 802 485 868 b
500 827 549 870 mc
562 807 726 893 gratiam,
742 811 806 870 inw
819 802 861 868 ab
875 801 1018 868 omnibns

309 921 405 1010 Spero
425 918 584 986 creditit:
606 932 737 986 cutem
761 918 846 984 nibil
861 939 969 984 moror

311 1035 391 1123 Qun
399 1016 511 1124 priccc
525 1035 633 1100 sordet
647 1034 825 1100 litterarum
834 1038 972 1122 puritas.

313 1149 450 1214 Tantum
467 1146 486 1213 ὅ
508 1148 645 1212 vellerent
662 1147 814 1228 doctiores
831 1148 996 1236 Principes

308 1266 412 1354 Quam
432 1263 588 1329 litteratos
602 1261 761 1343 servolos,
778 1261 889 1352 quales
904 1275 996 1326 erant

304 1381 441 1468 AEcopns
464 1392 496 1443 et
520 1379 649 1444 liberius
671 1383 728 1442 iste
750 1378 918 1466 Principis.

353 1525 393 1613 Q.
419 1525 501 1615 Sept.
525 1525 656 1590 Florem
685 1523 893 1590 Christianus.

268 1687 348 1756 Aux
367 1705 476 1782 pagos
496 1679 518 1750 3
540 1694 578 1753 et
603 1683 626 1765 b
651 1703 689 1750 se
710 1694 837 1751 trouve
862 1678 999 1779 l'bpitre
1020 1677 1066 1752 de
1089 1682 1208 1752 Fierre

217 1805 350 1879 Pithou
368 1807 473 1914 {auson
489 1801 584 1875 frbre
601 1805 780 1894 Franeois.
797 1803 952 1875 Gelai-ci
969 1795 1064 1874 nvait
1082 1801 1206 1901 public

217 1955 264 2002 eu
280 1927 372 2028 1576
383 1939 435 2001 uu
450 1929 649 1999 manuscrit
662 1925 708 1997 de
720 1927 754 1999 la
763 1925 1019 2024 bibliotheque
1033 1925 1079 1998 de
1087 1932 1207 2000 Pierre

215 2052 364 2140 Pithon,
386 2066 584 2126 contenant
602 2049 636 2120 la
654 2048 860 2121 traduction
884 2049 948 2122 des
972 2049 1142 2124 Novelles
1160 2048 1206 2121 de

216 2176 431 2275 l’emp‘ereur
442 2177 622 2246 Justinien
640 2172 853 2271 paruum,
872 2176 1083 2246 surnommb
1096 2175 1209 2244 Ante-

215 2323 345 2384 cucur,
365 2313 403 2368 et
418 2297 444 2367 il
463 2298 557 2367 avait
576 2293 682 2365 dbdib
701 2296 723 2364 i
744 2319 812 2366 son
832 2293 925 2368 frere
952 2312 1047 2368 cette
1067 2295 1206 2367 edition

219 2421 407 2518 imprimbe
428 2421 451 2490 ὲ
476 2417 586 2490 Basle.
614 2414 709 2486 C’est
736 2418 757 2486 ὲ
782 2419 871 2513 quoi
904 2442 945 2490 ce
973 2419 1118 2490 dernier
1144 2417 1208 2489 fait

218 2543 372 2615 allusion
391 2567 439 2613 au
458 2553 772 2614 commencement
790 2539 836 2611 de
853 2539 991 2639 l’bpitre
1006 2543 1182 2612 suivante.

411 2729 444 2774 P.
461 2727 634 2776 rumonus
659 2727 850 2775 FRANCISGO
869 2727 1011 2776 FRATRI.

260 2893 389 2967 Reddo
410 2895 492 2983 tibi,
501 2897 637 2988 fictor,
650 2921 720 2995 pro
739 2895 883 2966 novellis
898 2896 1207 2968 constitutionibus

211 3024 468 3116 Imperatore,
494 3036 632 3092 veteres
640 3017 809 3116 fabellas
829 3025 1052 3117 imperatorii
1069 3019 1204 3105 liberti,
1221 3073 1223 3078 -

209 3157 246 3212 et
260 3157 434 3238 qnantum
449 3142 600 3238 quidem
609 3146 790 3240 conjicio,
813 3143 962 3232 Tiberii,
981 3161 1092 3240 atque
1107 3143 1202 3215 adeo

198 3268 473 3366 postSeJ'unum
487 3267 714 3354 damnatum.
735 3275 834 3341 Num
849 3276 931 3367 quis
941 3276 1026 3342 istos
1036 3270 1205 3367 deinceps

205 3389 371 3461 laudavit
385 3415 548 3490 unquam
566 3395 586 3463 l
602 3395 696 3489 Ejus
711 3399 892 3490 scripwris
915 3397 980 3489 qni
1002 3398 1202 3478 meminerit

203 3538 255 3584 ecc
265 3510 444 3582 veteribus
454 3513 687 3585 nullnmdcm
697 3519 813 3611 reperi
820 3533 961 3612 praeter
972 3539 1079 3586 unum
1096 3519 1215 3596 Acie„

204 3660 314 3721 num,
344 3659 453 3732 quern
476 3642 585 3709 eticnn
616 3635 756 3734 Virgilii
774 3636 935 3728 fabulas
962 3638 1091 3709 iambis
1115 3645 1200 3710 scri-

201 3765 317 3860 psisse
347 3755 505 3828 trudunt.
533 3747 707 3832 Thracen
724 3784 762 3832 se
780 3763 904 3851 subsc
930 3767 1007 3858 epse
1028 3767 1145 3834 innuit
1170 3781 1204 3834 et

212 3886 369 3954 Grcecioe
390 3885 577 3953 vicinum:
602 3897 644 3952 ut
666 3906 731 3954 nec
746 3889 774 3952 ii
796 3882 909 3953 libelli
929 3887 1071 3956 Senecoe
1078 3883 1201 3980 fidem

206 4007 345 4079 elevent
363 4011 523 4078 testantis
532 4013 699 4104 AEsopios
716 4007 817 4104 logos
835 4013 1047 4116 intentatum
1063 4013 1203 4080 Roma·
