3140 5212
334 641 474 686 nunniti
506 640 723 686 renensium
751 643 818 687 nus.
841 644 872 704 1,
895 643 972 688 ess.
993 643 1049 687 αι.
1130 615 1195 688 135

230 846 322 912 LEO
342 845 511 929 SENEX‚
529 843 645 912 APER
661 854 691 928 ¹,
712 846 895 914 TAURUS
915 846 973 913 ET
996 846 1169 946 ASINUS.

208 1088 429 1174 Quicuuuuu
458 1086 570 1154 amisit
596 1085 790 1180 dignitatem
819 1088 1016 1181 pristinam,

208 1212 342 1308 Ignavis
368 1225 417 1279 est
437 1211 537 1279 etiam
562 1211 683 1304 jocus²
711 1214 746 1280 in
769 1237 848 1282 casu
874 1217 979 1308 gravi.

256 1333 416 1402 Defectus
434 1335 530 1402 annis
554 1349 588 1402 et
610 1334 756 1404 desertus
780 1337 908 1404 viribus
1016 1379 1020 1386 ι

209 1462 280 1526 Leo
304 1481 381 1524 cum
402 1457 549 1549 jaceret,
574 1458 729 1551 spiritum
746 1473 930 1527 extremum
951 1459 1102 1545 trahens,

211 1585 301 1675 Aper
319 1578 497 1662 fulmineis,
508 1580 550 1648 ad
570 1606 646 1648 euin
664 1583 756 1650 venit
773 1581 946 1668 dentibus,

212 1709 255 1773 Et
273 1703 454 1772 vindicavit
475 1705 542 1798 ictu
566 1720 712 1773 veterem
738 1705 920 1799 injuriam:

212 1823 368 1897 Infestis³
386 1831 516 1896 Taurus
537 1854 614 1897 mox
636 1829 960 1898 confodit-cornibus

211 1953 341 2022 Hostile
369 1979 502 2048 corpus.
526 1957 671 2043 Asinus,
699 1971 737 2024 ut
756 1956 841 2024 vidit
863 1955 972 2025 ferum

211 2083 352 2172 Impune
370 2077 485 2164 ledit,
509 2079 655 2148 calcibus
674 2079 820 2148 frontem
840 2081 986 2150 extorxit
1000 2070 1026 2147 5.

213 2205 257 2270 At
276 2199 329 2269 ille
348 2202 527 2294 expirans:
549 2207 666 2271 Fortes
688 2202 826 2296 indigne
849 2201 911 2271 tuli

214 2323 301 2390 Mihi
325 2322 509 2408 insultare3
537 2340 589 2408 te,
611 2339 738 2392 naturae
762 2324 928 2408 dedecus,

216 2443 318 2532 Quod
338 2443 423 2510 ferre
444 2459 532 2512 certe
555 2470 658 2538 cogor
679 2446 731 2512 bis
755 2445 871 2512 videor
891 2449 987 2514 mori.

251 2670 273 2700 1.
290 2650 376 2701 Omisit
391 2668 449 2719 aper
461 2650 573 2702 Pithoeus.
592 2680 624 2688 -
642 2669 665 2699 α.
682 2651 808 2701 Pithoeus:
823 2652 893 2699 etiam
903 2650 974 2718 jocus
989 2659 1038 2708 est,
1058 2648 1122 2716 qnod
1142 2665 1208 2700 rece·

215 2754 303 2809 petunt
316 2759 413 2804 omnes,
429 2753 515 2810 praeter
530 2745 682 2799 Neveletum.

248 2838 271 2886 3.
286 2835 367 2887 Primo
393 2834 497 2900 infestus.
514 2835 623 2896 Deinde,
642 2835 741 2885 dimidia
755 2843 822 2902 parte
835 2833 919 2884 littere
938 2851 954 2883 u
978 2849 1057 2894 erese,
1075 2843 1207 2884 correctum

214 2937 241 2977 ut
258 2927 375 2978 dedimus.
394 2956 427 2964 —
448 2937 471 2984 4.
488 2927 533 2976 Sic.
570 2937 572 2944 ’

249 3021 271 3070 5.
286 3019 367 3070 Primo
385 3029 425 3068 ext
436 3019 523 3086 [sic]‚
542 3019 625 3070 relicto
641 3029 744 3086 quatuor
757 3019 890 3070 litterarum
911 3018 1006 3085 speti03
1025 3033 1084 3080 nec,
1108 3027 1134 3069 ut
1151 3019 1203 3086 opi-

214 3121 285 3162 natur
300 3112 446 3173 Brotierius,
465 3112 597 3178 antiquitus
616 3111 681 3162 eliud
695 3111 822 3178 quicquam
835 3111 870 3161 ibi
887 3101 982 3160 uidetur
997 3111 1111 3178 scriptum
1129 3109 1199 3161 fuisse

214 3203 273 3253 Cod-
293 3209 362 3255 Rem.
379 3214 403 3255 et
419 3209 482 3255 Den.
498 3203 596 3254 extudit.
617 3203 714 3254 Rectius

623 3485 894 3694 m
