3140 5212
386 651 451 698 120
531 649 673 696 PHAEDRI
694 649 914 698 rtuuutnuu
933 650 1001 696 un.
1024 651 1057 715 l,
1079 653 1155 701 HE·
1180 633 1214 704 6.

620 885 792 964 erNE¹
826 895 894 962 ΑΙ)
924 895 1124 966 SOLEM.

376 1107 495 1175 Vrciru
519 1101 603 1172 luris
625 1101 772 1173 celebres
795 1102 880 1172 vidit
903 1105 1036 1199 nuptias

374 1231 536 1320 AEsopus‚
559 1240 592 1294 et
611 1226 773 1295 continuo
798 1251 934 1298 narrare
952 1227 1094 1323 incipit:

421 1352 568 1420 Uxorem
590 1348 761 1441 quondam
784 1348 894 1420 Solem
915 1348 1025 1421 velle²
1049 1351 1194 1442 ducere,

374 1481 564 1555 Clamorem
590 1474 720 1548 Rane³
749 1479 911 1551 sustulere
934 1480 977 1550 ad
1000 1481 1118 1553 sidera.

371 1603 568 1678 comvitiot
591 1617 764 1696 permotus
790 1603 910 1696 quaerit
940 1602 1071 1697 Jupiter

370 1734 514 1802 Causam
536 1727 688 1825 quaerelae
702 1715 727 1796 ⁵.
745 1722 932 1818 Quodam⁶
954 1741 1026 1795 tum
1046 1729 1156 1824 stagni
1174 1729 1311 1801 incola7

369 1856 491 1941 Nunc,
513 1851 642 1946 inquit,
665 1872 780 1917 omnes
797 1872 885 1917 unus
903 1849 1014 1918 exurit
1031 1849 1147 1939 lucus,

369 1965 576 2070 Cogetque⁸
599 1973 737 2041 miseras
760 1971 853 2040 arido
876 1971 952 2040 sede
975 1974 1092 2044 emori.

369 2097 540 2187 Quidnam
558 2097 711 2165 futurum
731 2108 781 2163 est
800 2095 827 2162 si
849 2104 1008 2165 creatore
1027 2094 1183 2169 liberos?

405 2347 426 2378 1.
443 2327 492 2384 Sic.

399 2443 424 2476 α.
439 2428 476 2476 ltu
489 2441 520 2475 ex
528 2423 682 2475 surrectione.
694 2423 763 2473 Prior
775 2421 846 2473 lertio
859 2421 954 2472 videtur
966 2422 1038 2474 luisse
1050 2439 1057 2474 :
1078 2425 1183 2476 Sulcum
1196 2425 1282 2485 vellet,
1302 2443 1356 2494 quer

366 2527 402 2570 ort
414 2517 441 2568 iu
451 2516 506 2568 edit

399 2610 422 2658 3.
438 2607 486 2660 sie.
502 2612 562 2658 Tres
574 2607 666 2674 priores
678 2606 763 2656 littere
775 2605 847 2672 hujus
856 2607 919 2656 voris
931 2607 1057 2658 strumenti
1072 2617 1138 2675 gutta
1150 2609 1259 2660 obductu
1272 2621 1337 2662 sunt.

398 2716 423 2764 t.
437 2705 489 2766 Sic,
508 2720 553 2772 pro
568 2703 674 2754 Convicio
686 2719 694 2763 ;
708 2711 764 2754 unte
778 2710 843 2764 unt,
857 2718 909 2750 cum
922 2702 991 2753 uitio.

397 2807 421 2856 5.
437 2806 476 2857 sio
488 2806 547 2873 (pro
561 2803 661 2874 querele
669 2805 695 2872 )‚
704 2821 735 2856 ex
743 2805 891 2855 oorrertione
901 2805 980 2860 statim
991 2805 1061 2858 heta.
1075 2807 1155 2858 Primo
1162 2807 1258 2858 videtur
1266 2808 1352 2860 luisse:

363 2915 477 2969 quarere.
491 2926 524 2936 —
540 2899 565 2947 6.
579 2897 627 2947 sic.
1196 2920 1199 2925 ·

397 3013 420 3058 7.
436 2994 644 3062 Supmuiptum:
658 2990 728 3051 tati,
748 2991 814 3060 quod
828 2994 922 3050 videtur
934 2994 1031 3046 initium
1045 2996 1126 3062 glorie
1139 2993 1257 3047 habitans.

396 3107 420 3155 8.
436 3103 547 3170 Plerique
560 3101 676 3165 editores,
690 3112 744 3170 post
760 3102 899 3176 Pilhoeutttt
918 3105 1040 3175 Cogitque.

395 3223 419 3269 9.
435 3208 495 3255 ilem
509 3201 611 3254 editum
623 3204 827 3271 postl'lthoeutn:
845 3203 939 3254 crearit'.

765 3444 927 3652 uu
