3140 5212
350 680 493 727 annoni
512 681 734 730 sununsuunr
754 683 819 729 nis.
837 685 869 746 1,
893 683 971 728 aas.
992 657 1046 728 28.
1125 659 1192 745 143

418 913 617 980 vusprs
649 914 712 980 Er
733 913 971 1002 ‚souma

205 1113 374 1200 Qunnvrs
388 1109 546 1180 sublimes
558 1111 681 1180 debent
695 1111 862 1180 homincs¹
879 1110 1022 1180 humiles
1033 1124 1193 1196 metuere,

205 1234 365 1304 Vindicta
388 1234 487 1304 docili
512 1234 591 1329 quia
610 1249 702 1329 patet
725 1234 895 1304 solertia².

254 1355 421 1452 Vulpinos
439 1357 567 1427 catulos
588 1357 709 1451 Aquila
729 1358 898 1453 quondam
917 1354 1073 1443 sustulit,

206 1479 297 1551 Nido
315 1476 412 1574 quae3
431 1482 544 1576 posuit
560 1480 679 1576 pullu,
701 1507 808 1552 escam
829 1496 867 1549 ut
885 1494 1071 1575 carperent.

208 1608 303 1672 Hanc
327 1619 500 1698 persecuta
523 1620 628 1702 mater
650 1630 746 1674 orare
765 1605 883 1699 incipit

208 1729 260 1796 Ne
278 1738 409 1793 tanturn
432 1724 575 1794 miseret
591 1724 719 1795 luctum
739 1727 938 1822 importaret
960 1724 1034 1792 sibi.

209 1849 401 1919 Contemsit
423 1849 501 1938 illa,
526 1863 599 1919 tuta
617 1850 743 1945 quippe
766 1852 840 1944 ipso
859 1847 944 1946 loco.

208 1961 357 2066 Vulpis⁵
380 1973 423 2042 ab
446 1998 504 2042 ara
528 1975 641 2067 rapuit
658 1974 831 2044 ardentem
853 1971 977 2054 facem,

209 2098 394 2190 Totamque
414 2090 558 2168 flammis
579 2097 741 2187 arborem
757 2093 996 2180 circumdedit,

210 2222 307 2288 Hosti
330 2217 481 2289 dolorem
503 2220 627 2289 damno
647 2221 788 2289 miscens
808 2218 988 2312 sanguinis.

212 2345 334 2440 Aquila
353 2363 392 2415 ut
418 2344 591 2442 pericolo⁶
613 2349 730 2416 mortis
749 2348 893 2440 eriperet
916 2370 1011 2430 suos,
1034 2404 1062 2438 ·.

213 2469 426 2539 Incolomes7
447 2486 543 2540 natos
562 2469 702 2565 supplex
718 2469 822 2563 Vulpi
847 2467 996 2536 tradidit.

252 2731 273 2763 1.
290 2716 365 2762 Rocte
377 2711 483 2765 Pithoeus
496 2711 575 2764 omisit
589 2710 692 2760 homiues
704 2719 757 2760 nte
773 2710 856 2774 glossa.

247 2823 270 2854 a.
286 2804 375 2856 Melius
389 2804 531 2866 Praschius,
548 2803 656 2855 solertiae.
675 2831 708 2841 -
725 2805 748 2852 3.
766 2802 813 2852 Sic.
829 2830 862 2838 -
879 2809 903 2858 4.
920 2799 966 2850 Sic.

248 2899 271 2949 5.
288 2897 414 2949 Pithoeus:
433 2896 538 2966 Vudves,
557 2907 584 2947 ut
596 2897 622 2947 in
634 2897 713 2946 titulo.
725 2894 864 2960 Sclswabius
877 2909 930 2943 cum
947 2888 1083 2942 Brotierio:
1103 2886 1144 2939 Ab
1162 2905 1205 2936 ara

217 2990 308 3060 rupa.

249 3087 273 3132 6.
289 3083 345 3144 sic,
359 3101 404 3150 pro
413 3081 527 3151 periculo.
544 3081 632 3132 Melius
645 3080 768 3139 Pithoeus,
782 3077 880 3148 periclo.
903 3107 935 3115 —
958 3095 983 3138 7.
1000 3075 1044 3126 Sic.

627 3452 791 3781 dt
