3140 5212
359 707 501 754 rnumu
521 707 743 754 rununrnuru
765 707 833 752 run.
853 707 887 767 1,
906 703 984 750 rin.
1005 675 1062 748 25.
1142 675 1209 770 139

352 911 527 981 CANES
556 904 1048 1026 ET'coucouutu'Ll
1066 916 1089 974 ¹.

220 1115 393 1184 Cousrnru
415 1115 472 1208 qui
493 1113 576 1183 dant
595 1139 697 1210 prava
717 1115 824 1185 cautis
841 1111 1055 1196 hominibus,

217 1239 260 1304 Et
278 1235 423 1330 perdunt
442 1262 599 1332 operam,
619 1253 653 1307 et
677 1235 873 1307 deridentur
891 1236 1045 1330 turpiter.

264 1362 373 1429 Canes
394 1377 566 1432 currentes
585 1334 701 1430 bibere
721 1361 756 1430 iu
779 1358 859 1430 Nilo
880 1357 1040 1442 flumine,
1086 1355 1088 1362 ’

221 1494 250 1556 Α
270 1486 487 1558 Corcodrillis
511 1515 553 1558 ne
576 1490 761 1582 rapiantur,
780 1488 941 1556 traditum
960 1499 1019 1555 est.

221 1608 331 1702 Igitur
351 1633 429 1678 cum
447 1606 584 1680 currens
602 1607 717 1680 bibere
739 1612 890 1705 coepisset
907 1610 1030 1692 Canis,

221 1729 276 1798 Sic
293 1731 545 1802 Corcodrillus:
568 1735 680 1826 Quam
700 1731 783 1802 libet
801 1731 910 1803 lambe
928 1733 998 1802 otio
1012 1741 1048 1818 ²,

221 1858 337 1939 Pota,
360 1856 497 1945 accede,
519 1857 599 1928 noli
615 1863 739 1928 timere
762 1855 895 1927 sedulo·

220 1981 284 2048 Ait
304 1993 344 2047 at
361 1979 431 2049 noli
451 1981 575 2066 vereri,
594 1982 715 2080 inquit.
739 1982 784 2050 At
801 1977 856 2048 ille

225 2107 380 2172 Facerem
393 2098 408 2144 ³
435 2103 570 2174 hercule
584 2106 599 2153 ⁴
613 2157 623 2192 ,

264 2331 286 2363 1.
301 2314 357 2375 sic,
369 2331 415 2381 pro
430 2313 556 2365 Corcode'lr'.
574 2315 699 2374 illitum,
721 2317 794 2365 Carris
811 2327 835 2364 et
855 2315 999 2366 Crocodilus.
1021 2314 1118 2382 Ubique
1131 2323 1209 2364 nutem

222 2403 370 2464 Schwabiue,
383 2405 501 2473 probante
514 2405 609 2465 Gudio‚
622 2405 706 2456 scribit
718 2405 863 2456 Corcodilus,

256 2515 280 2550 c.
300 2497 395 2548 Deinde
410 2505 564 2556 correctum,
582 2496 650 2546 otius.

255 2592 279 2641 3.
298 2590 385 2642 Hicin
404 2590 487 2642 codice
500 2591 579 2642 littera
591 2609 606 2640 e
622 2601 741 2659 expuncta
754 2601 791 2642 est
809 2607 824 2642 a
841 2591 946 2642 librario.
958 2589 1027 2640 Prius
1049 2589 1122 2655 igitur
1144 2597 1210 2638 eret:

222 2687 311 2732 Facere
328 2700 373 2733 me.

255 2787 279 2834 t.
296 2780 371 2826 Totus
389 2774 431 2826 hic
446 2776 512 2826 iocur
533 2792 548 2826 a
568 2774 671 2826 librariis
689 2775 819 2827 admodum
843 2773 995 2844 perturbatus
1018 2783 1068 2836 eet,
1086 2772 1166 2840 glossis
1185 2772 1210 2820 iu

221 2876 360 2918 contextum
377 2866 533 2928 introductis,
551 2883 622 2934 quus,
636 2866 680 2917 ubi
699 2867 744 2918 viri
761 2883 842 2918 sumus
864 2882 1002 2933 agnoscere,
1024 2865 1108 2916 litteris
1126 2863 1211 2915 italicis
1256 2921 1258 2934 Ι

220 2959 383 3011 indicavimus.
397 2958 531 3010 Emendare
544 2959 623 3010 locum
637 2958 707 3009 multi
718 2959 798 3010 conati
809 2968 881 3020 runt,
894 2958 959 3008 bunc
969 2957 996 3008 in
1009 2957 1125 3038 moduni:

221 3111 344 3163 rrum:
395 3112 435 3160 sc
449 3109 619 3160 omarum.-
638 3115 716 3177 Quam
729 3073 963 3167 erectaerecta,

402 3200 512 3261 Accede,
524 3213 585 3271 pota
598 3201 687 3260 leniter,
703 3213 728 3251 ct
738 3201 790 3274 noli
800 3201 886 3260 dolos,

401 3294 496 3364 lnquit,
517 3295 610 3344 cereri:
623 3293 702 3344 atille
715 3293 840 3358 :facerem
852 3291 998 3351 mehercule,

221 3453 331 3505 Gudiue:
406 3453 444 3504 Sic
460 3449 619 3503 Corcodlbes:
638 3456 714 3518 Quom
727 3451 785 3501 libet
796 3450 887 3509 lambe,
906 3453 954 3501 otio

402 3549 464 3594 Pota
480 3563 509 3594 oc
522 3542 607 3594 accede
619 3544 678 3594 Nilo
692 3555 795 3603 temere,-
811 3543 842 3593 de
858 3543 914 3594 dolo

403 3635 462 3686 Noli
472 3637 558 3686 cereri.
572 3640 610 3686 Ar
618 3635 657 3686 ille
669 3655 677 3684 :
685 3635 792 3700 facerem
803 3634 945 3691 mehercule,

222 3789 394 3834 Heumanuus:
404 3780 443 3830 Sic
458 3779 616 3832 Corcodibes:
633 3783 729 3850 Aquam
742 3778 820 3830 bibere
836 3780 904 3838 licet,
924 3799 939 3830 ο
954 3779 1042 3834 Carus„

404 3871 515 3931 Accede,
534 3883 596 3941 pola
608 3871 692 3922 leniter
704 3883 726 3920 ot
743 3872 792 3922 noli
807 3871 890 3929 dolos,

292 3978 295 3982 ’
407 3965 503 4032 Inquit,
518 3966 604 4015 vereri.
618 3968 654 4014 Ar
664 3963 702 4015 illc
718 3983 726 4012 :
734 3963 840 4029 facerem
856 3962 983 4014 mehercule
991 4001 998 4024 ,
