3144 5218
325 611 395 698 164
494 634 672 682 enrrronrs
701 633 921 682 consracrus
951 633 992 680 ac
1014 627 1151 680 surina.

631 837 753 887 LIBER
783 837 1013 885 SECUNDUS.

326 1006 433 1059 Auctor
442 1039 1231 1060 ........................................
1261 1009 1315 1072 147

325 1111 480 1170 Iuvencus,
496 1109 553 1160 Leo
571 1118 599 1160 et
618 1106 757 1161 Praedator
762 1145 1232 1166 ........................
1261 1112 1318 1179 149

327 1217 404 1269 Anus
426 1214 541 1285 diligens
557 1211 703 1285 juvenem,
723 1213 789 1266 item
805 1212 899 1268 Puella
906 1249 1232 1270 .................
1262 1207 1318 1266 150

327 1324 445 1393 AEsopus
470 1319 504 1373 ad
523 1319 669 1391 quemdam
690 1318 725 1372 de
744 1337 872 1373 successu
888 1316 1077 1392 improborum
1084 1357 1233 1375 ........
1262 1315 1316 1373 161

328 1424 442 1496 Aquila,
458 1424 534 1478 Feles
547 1435 575 1478 et
589 1427 662 1496 Aper
668 1463 1233 1483 .............................
1262 1421 1318 1478 152

329 1531 398 1586 Item
416 1531 504 1585 Caesar
519 1529 555 1584 ad
569 1531 721 1585 Atriensem
729 1569 1235 1588 ..........................
1264 1527 1320 1594 154

326 1638 426 1711 Aquila
449 1650 477 1692 et
500 1639 600 1694 Cornix
608 1675 1235 1696 ................................
1263 1631 1319 1689 166

324 1745 396 1798 Muti
414 1743 471 1797 duo
492 1754 519 1796 ct
537 1745 670 1799 Vectores
673 1781 1235 1802 .............................
1264 1738 1319 1812 167

327 1851 429 1904 Cervus
449 1849 484 1904 ad
503 1849 590 1903 Boves
592 1889 1234 1908 .................................
1265 1843 1319 1902 158

327 1959 431 2011 Auctor
432 1993 1236 2016 .........................................
1266 1953 1320 2010 160

326 2060 457 2115 Phaedrus
479 2059 515 2114 ad
540 2059 699 2132 Eutychum
706 2099 1235 2118 ...........................
1265 2059 1321 2116 161

327 2171 403 2221 Anus
425 2167 460 2220 ad
482 2166 641 2237 amphoram
648 2207 1235 2226 ..............................
1265 2165 1321 2224 166

288 2271 289 2278 ’
327 2273 461 2328 Panthera
484 2285 512 2328 et
537 2275 662 2330 Pastores
668 2315 956 2333 ...............
966 2269 975 2330 ’.
988 2315 1236 2334 .............
1266 2273 1320 2344 167

328 2383 446 2452 AEsopus
467 2390 494 2432 et
514 2380 642 2433 Rusticus
649 2419 1237 2438 ..............................
1266 2378 1322 2455 169

328 2485 430 2538 Lanius
450 2493 478 2538 et
498 2483 600 2540 Simius
607 2523 714 2539 ......
714 2457 716 2464 ,
727 2524 1236 2542 ..........................
1265 2501 1279 2538 1
1284 2500 1318 2556 71

329 2593 447 2663 AEsopus
469 2599 497 2642 et
519 2587 649 2643 Petuiuns
653 2628 1238 2646 ..............................
1266 2605 1320 2659 17²

329 2698 424 2750 Musca
444 2705 472 2750 et
486 2695 563 2749 Mula
569 2735 1236 2754 ..................................
1266 2694 1320 2765 178

329 2803 427 2875 Lupus
449 2801 484 2854 ad
508 2803 609 2855 Canem
613 2841 1236 2860 ................................
1266 2807 1322 2872 174

331 2909 415 2960 Soror
431 2905 466 2960 ad
483 2907 602 2960 Fratrem
611 2945 1018 2964 .....................
1019 2894 1037 2962 ’.
1050 2951 1056 2964 .
1069 2949 1076 2964 .
1090 2928 1105 2961 .’
1110 2947 1238 2966 .......
1268 2904 1323 2977 176

331 3013 455 3068 Socrates
481 3009 515 3063 ad
541 3012 643 3064 amicos
649 3049 817 3066 .........
830 3040 857 3066 .·
870 3051 1237 3070 ...................
1268 3030 1321 3083 177

331 3121 414 3171 Poeta
430 3097 469 3170 he
484 3116 595 3170 credere
615 3127 643 3170 et
660 3135 716 3171 nou
733 3117 864 3184 credere.¹
870 3159 1237 3176 ...................
1267 3119 1322 3190 178

332 3224 484 3279 Eunuchus
502 3223 536 3277 ad
556 3222 714 3295 improbum
716 3265 1237 3284 ...........................
1268 3226 1321 3282 181

333 3330 429 3384 Pullus
450 3329 486 3384 ad
505 3331 678 3402 margaritam
689 3371 1096 3388 ....................
1101 3333 1103 3342 ’
1109 3371 1238 3388 .......
1267 3331 1321 3387 183

332 3442 404 3509 Apes
420 3448 448 3492 et
467 3437 553 3506 Fuci,
575 3437 667 3510 Vespa
687 3435 781 3508 judice
788 3473 1237 3494 .......................
1268 3437 1322 3505 184

332 3547 373 3597 De
391 3545 468 3598 Lusu
491 3553 520 3596 et
539 3543 685 3599 Severitate
691 3579 1238 3602 ............................
1268 3540 1323 3599 186

333 3650 414 3702 Canis
435 3648 470 3702 ad
490 3650 598 3720 iignum
611 3688 1239 3706 ................................
1268 3647 1324 3704 166

334 3751 436 3807 Cicada
459 3761 487 3806 et
499 3753 607 3808 Noctua
614 3792 1040 3812 ......................
1056 3803 1060 3811 ,
1072 3793 1239 3812 .........
1269 3752 1323 3823 187

334 3857 456 3912 Arbores
476 3860 506 3912 iu
528 3861 650 3915 Deorum
673 3859 759 3915 tutela
770 3900 1238 3918 ........................
1269 3859 1324 3916 188

333 3965 404 4018 Pavo
421 3964 455 4017 ad
471 3965 608 4018 iunonem
632 3963 666 4018 de
689 3983 755 4020 voce
776 3983 824 4019 sua
831 4004 1237 4024 .....................
1268 3982 1324 4039 190
