3140 5212
357 582 423 656 180
497 601 638 650 sennar
655 599 875 648 rannnsnnn
887 599 953 646 ιιι.
971 599 1031 663 ιιι,
1050 599 1126 646 ιιι.
1145 600 1198 648 ιο.

353 809 456 902 Quod
473 809 561 878 bona
582 806 757 902 possideat.
780 807 877 877 Stant
894 805 1052 900 patroni,
1069 804 1201 876 fortiter

352 937 496 1005 Causam
514 944 644 1004 tuentes
666 929 853 1004 innocentis
872 927 995 1004 femine
1008 933 1032 998 ¹.

414 1079 437 1126 ι
462 1077 548 1126 nrvo
577 1076 742 1125 sucusro
772 1075 866 1124 runc
893 1075 1040 1124 narrans
1066 1062 1255 1139 runicus²‚

352 1172 429 1250 Ut³
455 1177 626 1273 adjuvaret
647 1174 866 1270 jurisjurandi
889 1173 1013 1261 fidem,

351 1301 455 1392 Quod
477 1302 566 1395 ipsos
587 1324 682 1370 error
698 1295 913 1392 implicuisset
936 1296 1095 1372 criminis.

351 1424 420 1514 Qui
439 1436 615 1518 postquam
641 1421 794 1492 tenebras
813 1419 967 1492 distulit‘*
986 1418 1180 1507 calumniae,
1252 1423 1256 1428 '

351 1549 554 1640 Certumque
573 1543 703 1615 fontem
718 1543 867 1614 veritatis
886 1543 1055 1638 repperit,

346 1671 454 1753 Luat,
474 1669 604 1763 inquit,
624 1692 738 1762 poeuas
755 1691 853 1736 causa
870 1665 1008 1736 libertus
1026 1664 1116 1738 mali.

345 1793 500 1884 Namque
521 1791 637 1861 orbam
659 1806 737 1860 nato
759 1788 858 1861 simul
880 1805 914 1858 et
931 1791 1100 1884 privatam
1117 1789 1190 1858 viro

346 1911 569 1982 Miserandam
591 1913 825 2006 potiusquam
846 1913 1069 1984 damnandam
1092 1912 1252 1982 existimo.

344 2035 447 2126 Quod
467 2037 494 2104 si
513 2024 727 2106 damnanda⁵
749 2049 978 2128 perscrutatus
1000 2036 1140 2106 crimina

345 2153 605 2229 Paterfamiliae6
627 2172 735 2244 esset,
761 2159 787 2226 si
806 2157 1017 2233 mendacium

346 2281 518 2352 Subtiliter
536 2281 707 2352 limasset:
734 2307 753 2350 a
777 2280 944 2352 radicibus

346 2409 424 2476 Non
443 2405 612 2474 evertisset
634 2402 755 2475 scelere
776 2406 908 2474 lunesto
930 2405 1078 2474 domum.

394 2531 513 2604 Nihil⁷
534 2547 670 2626 spernat
684 2534 791 2618 auris,
807 2556 869 2602 neu
888 2546 999 2603 tamen
1017 2531 1129 2604 credat
1145 2529 1257 2600 statim
1274 2555 1282 2598 :

346 2651 625 2746 Quandoquidem
636 2651 686 2722 et*
701 2653 750 2724 illi
763 2669 903 2749 peccant
912 2679 995 2750 quos
1005 2655 1142 2727 minime
1152 2669 1263 2749 putes,
1276 2645 1333 2758 *39

344 2778 389 2845 Et
406 2775 549 2868 quinon
569 2790 710 2868 peccant
728 2777 970 2872 impugnantur
990 2777 1174 2850 fraudibus.
1281 2747 1322 2787 Μ’

380 3028 401 3060 ι.
413 3011 460 3061 Sic.
476 3039 508 3048 —
521 3029 543 3060 n.
556 3016 592 3062 lta
606 3012 690 3062 litteris
702 3014 835 3080 majusculis
843 3015 975 3084 iisdemque
985 3016 1128 3083 rubricatis,
1141 3019 1215 3072 instar
1224 3021 1295 3072 tituli.

377 3131 399 3177 3.
418 3128 485 3178 Prior
498 3128 576 3179 littera
593 3130 656 3181 vocis
674 3135 719 3194 Ut,
737 3131 794 3184 item
807 3135 937 3200 majuscula
952 3145 988 3186 est
1003 3146 1027 3187 et
1042 3137 1174 3190 rubricata.

377 3247 400 3294 a.
416 3237 535 3296 Pithoens,
549 3238 660 3306 dispulit,
680 3242 718 3292 cui
736 3244 864 3294 assentitur
879 3244 916 3295 vir
933 3245 1027 3302 doctiss.
1046 3247 1170 3300 Schwabe.
1191 3250 1328 3300 Lectionem

343 3338 421 3380 umen
439 3329 534 3381 Codicis
549 3333 688 3383 servandam
708 3345 788 3386 censet
805 3340 964 3388 Burmannus.

375 3447 398 3495 5.
425 3447 569 3498 Damnarada
594 3449 674 3500 multis
699 3449 825 3518 displicuit.
849 3456 894 3504 Pro
924 3471 972 3520 quo
991 3455 1127 3508 Sobeliems
1149 3459 1245 3526 conjicit
1268 3458 1326 3510 ciam

341 3540 569 3598 immitandus:
588 3540 733 3603 enodanda
753 3545 891 3596 Bentleius:
911 3547 1059 3611 cunctamim
1082 3549 1200 3602 Gudius:
1226 3562 1272 3602 tam
1292 3553 1326 3600 in-

334 3627 426 3692 fanda3
440 3635 606 3684 Burmannus:
618 3632 747 3698 manda,
761 3637 799 3688 vel
809 3636 904 3690 delata:
918 3657 990 3710 quam
1003 3642 1163 3710 conjecturam
1175 3644 1264 3696 Codice
1274 3649 1326 3696 Per.

340 3721 501 3774 confirmatam
514 3725 605 3792 recepit
619 3725 733 3780 Schwabe
746 3733 776 3780 V.
790 3729 825 3782 (ΣΙ.

373 3839 397 3887 6.
414 3838 530 3900 Pithoeus,
548 3841 729 3906 Paterfamilias.

359 3946 397 4000 Ι7.
413 3931 534 3995 Pithoeus,
551 3932 601 3984 Nil.
