3144 5218
362 643 501 705 annuns
520 651 737 706 rsaunsnun
757 659 822 706 ma.
838 651 884 721 tv,
901 657 975 702 ran.
996 633 1049 702 18.
1131 631 1200 704 215

213 903 344 968 Rumor
365 897 490 994 legatos
516 879 701 994 superiores
724 900 882 994 prodidit.

213 1021 380 1091 Timentes
395 1046 510 1092 rursus
526 1011 652 1117 aliquid
668 1047 710 1091 ne
723 1022 830 1092 simiie
848 1022 994 1107 accidat,

212 1143 327 1213 Odore
343 1143 483 1214 canibus
496 1169 599 1213 anum
617 1146 675 1214 sed
691 1145 799 1214 multo
819 1143 959 1240 replent.

212 1265 420 1351 Mandant¹,
446 1267 682 1354 dimittuntur,
709 1271 849 1337 statim²
885 1289 887 1296 ’

210 1381 389 1475 Adeunt3‚
411 1405 565 1485 rogantes
581 1391 727 1477 aditum,
744 1394 907 1462 continuo
925 1393 1116 1486 impetrant.

210 1512 371 1582 Consedit
388 1514 520 1607 genitor
538 1529 609 1582 tum
629 1520 778 1585 Deorum
797 1517 979 1600 maximus,

211 1635 420 1728 Quassatque
442 1635 595 1706 fulmen:
617 1653 758 1707 tremere
778 1664 907 1734 coepere
930 1640 1052 1708 omnia.

209 1759 335 1844 Canes,
354 1759 512 1846 confusus
532 1760 667 1829 subito⁴
690 1761 782 1856 quod
801 1761 908 1831 fuerat
926 1761 1054 1855 fragor,

208 1883 358 1974 Repente
377 1881 513 1950 odorem
533 1871 663 1951 mixto⁵
686 1893 762 1952 cuni
782 1884 904 1952 merdis
922 1899 1049 1954 cacant.

207 2001 400 2072 Reclamant
420 2003 560 2072 omnes*
580 2005 816 2076 vindicandam
840 2007 1008 2100 injuriam.
1141 2005 1194 2070 *7³

208 2129 263 2196 Sic
284 2141 332 2195 est
354 2125 483 2196 locutus
504 2143 580 2198 ante
600 2154 732 2223 poenam
753 2132 931 2225 iuppiter:

207 2252 285 2321 Non
307 2262 357 2319 est
375 2245 526 2343 iegat0s⁶
545 2252 632 2342 regis
654 2277 722 2320 non
746 2253 933 2341 dimittere,

207 2378 277 2446 Nec
294 2389 343 2442 est
361 2371 497 2442 difficile
515 2398 629 2466 poenas
645 2373 752 2469 culpae
768 2376 949 2468 imponere.

242 2625 263 2655 1.
280 2605 327 2656 Hic
336 2603 442 2654 Pitboeus
455 2602 481 2651 iu
494 2602 539 2652 Ed.
554 2602 662 2670 appinxit
675 2601 818 2654 asteriscum.

240 2723 262 2753 a.
280 2707 334 2753 Post
346 2702 491 2766 conjecturas
504 2716 580 2767 prope
596 2699 746 2760 innumeras,
766 2698 853 2765 qssibus
869 2706 1015 2748 tentaverant
1034 2698 1098 2748 hunc
1115 2700 1193 2751 iocum

207 2795 297 2854 critici,
314 2793 449 2859 ingeniose,
466 2801 492 2842 ut
504 2793 577 2851 solet,
591 2791 726 2842 Schwabius
740 2791 773 2840 ita
785 2807 877 2840 uersum
891 2789 1008 2840 restituit:

336 2883 455 2935 Mandata
467 2883 540 2944 dant;
560 2883 632 2951 legati
644 2871 776 2941 mittantur,
791 2883 868 2931 statim

238 2982 260 3029 3.
276 2979 429 3036 Sabatinus,
444 2975 555 3036 Abeunt,
567 2976 632 3042 quod
646 2976 735 3042 recepit
748 2977 785 3026 ct
794 2973 977 3028 Schwabe‘Scd
988 2972 1032 3024 bos
1040 2973 1099 3024 duos
1111 2989 1192 3024 veram

203 3073 298 3123 maliem
311 3089 365 3122 cum
383 3069 590 3138 emendationibus
603 3069 700 3128 notati,
719 3068 841 3134 scripturae
854 3066 947 3118 Codicis
960 3065 1123 3134 propioribus:

336 3161 568 3218 mundandantur,
583 3160 745 3211 dimittuntur:
760 3159 868 3209 Msmtim

337 3253 447 3304 Adeunt:
461 3264 616 3321 rogantesque
626 3253 728 3315 aditum,
744 3255 854 3302 continuo
864 3255 992 3321 inpetrant,

204 3353 269 3413 Quos
282 3356 364 3397 tamen
374 3343 421 3394 boc
435 3342 506 3394 modo
520 3344 604 3393 ieviter
619 3344 745 3394 mutandos
757 3361 842 3394 censeo
853 3361 860 3394 ε

336 3435 454 3486 Mandata
465 3434 539 3496 dant3
557 3434 582 3483 bi
590 3433 749 3492 dimittuntur,
765 3447 790 3483 et
800 3436 876 3486 statim

335 3527 448 3586 Adeunt,
461 3537 573 3594 rogantes
586 3525 693 3575 aditum:
708 3526 818 3576 continuo
831 3528 959 3595 impetrant.

237 3635 259 3681 t.
276 3622 372 3673 Rectius
385 3637 439 3670 crim
454 3619 534 3678 Gudio
549 3635 577 3669 ae
590 3623 727 3669 Burmanuo
740 3617 890 3669 Schnabius:

337 3717 414 3764 Canes
424 3712 532 3777 confusi,
546 3711 635 3762 subitus
649 3710 716 3782 quod
721 3711 806 3777 suerat
813 3712 911 3780 fragor,

204 3810 252 3859 stit
269 3809 345 3860 aliter.
365 3836 398 3844 —
421 3809 443 3855 5.
461 3806 512 3865 Sic,
536 3823 580 3872 pro
601 3805 705 3854 mixtum.
728 3811 835 3855 Fortasse
857 3803 967 3854 librarius
988 3802 1091 3854 seribere
1110 3806 1193 3856 volens

205 3902 297 3951 nitatem
313 3900 379 3965 [sic]
396 3899 483 3949 lineam
499 3908 654 3947 transversam
669 3913 740 3963 super
753 3915 768 3946 o
782 3896 868 3946 omisit.

237 3995 259 4041 6.
278 3991 387 4050 Gudim,
400 3991 438 4040 cui
451 3990 575 4040 obsecutus
588 3990 623 4038 ct.
635 3988 747 4039 Schwabe
759 4004 766 4037 ε
780 3992 882 4055 legatos
895 4004 943 4036 non
956 3997 998 4037 est.

984 4083 1025 4164 14
