3140 5212
342 665 486 714 ruenni
511 665 728 716 resonarunt
753 671 817 716 nra.
837 672 896 735 ur,
915 671 991 720 rae.
1020 675 1049 720 2.
1135 652 1198 748 167

360 903 652 974 PANTHERA
680 905 743 971 ET
768 905 1052 978 PASTORES.

214 1104 330 1170 Soter
348 1127 367 1171 a
386 1101 548 1197 despectis
569 1128 631 1198 par
649 1104 767 1174 referri
790 1106 906 1200 gratia.

264 1225 429 1296 Panthera
446 1225 652 1321 inprudens1
674 1225 754 1296 olim
772 1229 808 1296 in
826 1213 958 1298 foveam
975 1228 1107 1299 decidit.

213 1350 336 1420 Videre
355 1365 521 1446 agrestes3
540 1350 597 1420 alii
620 1349 722 1420 fustes
743 1367 947 1446 congerunt,

214 1473 281 1544 Atii
302 1488 444 1543 onerant
460 1475 571 1544 saxist
591 1467 749 1569 quidem²
769 1489 885 1545 contra
902 1461 1055 1545 miserti³

215 1597 374 1665 Periturae
392 1598 537 1692 quippe,
555 1597 707 1691 quamvis
726 1622 825 1666 nemo
844 1596 996 1686 laederet,

214 1720 339 1790 Misere
359 1745 499 1815 panem,
523 1735 563 1789 ut
584 1721 762 1790 sustineret
780 1721 947 1815 spiritum.

213 1845 290 1913 Nox
309 1843 456 1913 insecuta
474 1858 548 1913 est:
569 1844 696 1913 abeunt
714 1845 820 1913 securi
839 1844 993 1931 domum,

211 1968 318 2058 Quasi
339 1967 507 2037 inventuri
528 1983 696 2036 mortuam
723 1982 800 2062 post
817 1966 952 2037 tridiet.

212 2094 258 2159 At
277 2089 333 2160 illa
355 2092 441 2160 vires
465 2106 504 2160 ut
526 2078 680 2161 reficit⁵⁴¹
701 2088 898 2187 languidas,

213 2212 330 2282 Veloci
356 2213 442 2282 saltu
465 2212 559 2282 fovea
583 2238 652 2282 sese
671 2212 811 2301 liberat,

212 2337 257 2403 Et
277 2335 312 2401 in
331 2332 441 2402 cubile
459 2333 590 2402 concito
609 2349 768 2429 properat
791 2333 908 2428 gradu.

212 2456 331 2526 Paucis
349 2455 466 2524 diebus
483 2454 706 2549 interpositis,
728 2453 900 2549 provolat,

212 2581 317 2646 Pecus
337 2575 505 2664 trucidat,
524 2577 613 2671 ipsos
635 2591 783 2670 pastores
803 2592 920 2664 necat,

211 2705 255 2771 Et
272 2715 394 2770 cuncta
412 2714 547 2770 vastans
569 2695 677 2770 sevit⁶
696 2701 780 2770 irato
802 2701 938 2796 impetu.

211 2829 298 2896 Tum
321 2826 383 2896 sibi
405 2827 578 2911 timentes,
598 2826 656 2919 qui
674 2824 743 2893 fere
763 2841 1004 2919 pepercerant,

210 2952 380 3021 Damnum
397 2949 506 3019 haut?
524 2962 698 3036 recusant,
714 2962 847 3019 tanturn
860 2939 1021 3042 prumta8
1037 2965 1166 3045 rogant.

245 3259 266 3291 r.
284 3239 331 3291 Sic.
352 3267 385 3278 -
406 3257 428 3290 a.
448 3239 503 3299 Sic,
519 3256 563 3306 pro
580 3236 683 3308 quidam.

242 3351 266 3401 3.
286 3353 362 3400 Recte
373 3348 478 3398 Pithoeus
498 3348 606 3409 miseriti,
622 3346 687 3413 quod
701 3347 788 3413 reliqui
801 3357 941 3414 receperunt
955 3356 982 3397 ut
1001 3364 1014 3399 e
1032 3348 1137 3411 Codice,
1153 3351 1198 3400 nbi

208 3459 235 3492 re
245 3457 300 3492 vera
311 3440 382 3491 lectio
395 3439 435 3490 itt·
448 3439 515 3506 prius
530 3438 603 3489 fuisse
613 3439 720 3499 videtum
737 3438 778 3488 sed
790 3437 878 3490 deiude
894 3440 978 3491 abrasa
990 3449 1026 3490 est
1041 3441 1119 3492 littera
1130 3443 1145 3491 i.

241 3561 264 3607 t.
282 3549 336 3610 Sic,
348 3564 392 3616 pro
399 3545 520 3617 postridie.
533 3575 565 3586 -
577 3548 599 3596 5.
614 3547 667 3607 Sic,
681 3563 725 3614 pro
735 3545 822 3611 refecit.

240 3663 264 3710 6.
281 3660 335 3720 Sic,
352 3668 379 3708 ut
391 3657 499 3724 sequenti
513 3673 597 3717 versu,
605 3656 660 3721 sere
674 3674 718 3725 pro
726 3656 798 3721 seroe.

242 3771 263 3813 7.
280 3751 336 3812 Sic,
354 3767 398 3817 pro
415 3747 487 3800 haud.

241 3863 264 3911 8.
285 3859 329 3910 sie
346 3864 419 3909 Recte
433 3858 567 3908 emendavit
579 3859 700 3920 Pithoeus,
718 3877 765 3927 pro
781 3860 847 3908 vita:
864 3860 929 3926 quod
941 3861 1015 3911 secuti
1029 3871 1082 3912 sunt
1095 3880 1192 3926 omnes,

208 3973 235 4006 ac
246 3955 266 4005 si
277 3963 335 4005 esset
349 3953 462 4019 scriptura
476 3953 577 4005 Codicis.

979 4090 1016 4134 11
