3144 5218
403 624 470 696 ‘186
543 647 687 696 eunom
704 647 925 696 sneuuannu
945 650 1010 697 nm.
1029 651 1087 715 ru,
1104 651 1180 702 rna.
1204 626 1258 698 15.

625 875 795 945 CANIS
830 875 903 942 AD
937 875 1155 945 AGNUM.

400 1078 512 1144 lurra
537 1071 679 1167 capellas
700 1076 798 1166 Aguo
817 1069 977 1140 ballanti¹
1004 1072 1130 1143 Canis:

398 1195 529 1299 Stulte,
549 1196 677 1291 inquit,
701 1219 812 1281 erras3
833 1218 900 1263 nou
919 1209 969 1264 est
986 1194 1057 1264 haec
1075 1209 1180 1265 mater
1198 1209 1275 1282 tua3

395 1324 552 1416 Ovesque
569 1332 756 1416 segregatas
777 1317 923 1388 ostendit
942 1317 1072 1412 procul.

395 1446 473 1515 Non
482 1441 593 1513 iliam*
608 1467 737 1537 quaero,
746 1466 836 1537 quae,
850 1465 927 1510 cum
938 1439 1070 1510 lihitum
1083 1457 1134 1512 est
1141 1463 1154 1528 ,‘
1161 1443 1326 1538 concipit,
1342 1439 1387 1497 *⁴²

396 1565 548 1637 Deinde²
569 1578 683 1661 portat
700 1588 785 1634 onus
810 1564 963 1660 ignotum
982 1565 1081 1634 certis
1101 1539 1291 1653 mensibus,

394 1691 584 1762 Novissime
602 1687 959 1785 prolapsameffundit
982 1689 1168 1776 sarcinam'3
1264 1674 1266 1678 .

393 1818 521 1885 Verum
540 1813 653 1898 iliam,
673 1837 747 1907 quae
767 1836 821 1881 me
839 1813 947 1881 nutrit
966 1785 1101 1882 admoto
1121 1813 1242 1901 ubere,

393 1936 609 2030 Fraudatque
629 1950 725 2004 natos
744 1933 850 2021 lacte,
869 1960 912 2004 ue
930 1935 1014 2004 desit
1033 1936 1128 2005 mihi.

393 2064 520 2131 Tamen
534 2058 591 2129 illa
608 2073 659 2128 est
674 2059 785 2153 potior
801 2049 890 2153 que³
911 2075 943 2128 te
962 2060 1102 2154 peperit.
1119 2062 1198 2132 Nou
1213 2060 1258 2166 ita
1276 2075 1339 2132 est.

394 2183 495 2256 Unde
513 2182 570 2253 illa
588 2182 685 2252 scivit
700 2183 796 2276 niger
813 2207 857 2251 an
876 2181 972 2253 albus
987 2184 1169 2278 nascerer?

393 2313 465 2403 Age
483 2331 587 2402 porro
603 2302 783 2375 fecissent:
806 2330 884 2375 cum
903 2331 1033 2376 crearer
1051 2305 1239 2394 masculus,

393 2429 596 2500 Beneficium
616 2453 776 2524 magnum
804 2454 882 2499 sane
908 2429 1018 2500 natale
1040 2430 1154 2518 dedit,

394 2556 444 2623 Ut
465 2540 672 2648 spectarem⁵
691 2550 818 2620 lanium
837 2553 872 2621 in
888 2551 989 2622 horas
1008 2552 1165 2650 singulas.

308 2733 312 2742 .
393 2678 500 2772 Cujus
524 2690 670 2771 potestas
693 2676 786 2747 nulla
805 2679 840 2746 in
862 2673 1064 2773 gygnendo⁶
1084 2679 1171 2768 fuit,
1214 2756 1217 2761 ,

394 2803 466 2871 Cur
482 2800 546 2870 hac
567 2801 610 2868 sit
630 2800 760 2894 potior,
781 2825 854 2895 quae
869 2801 1011 2894 jacentis
1028 2803 1175 2872 miserita
1195 2817 1263 2889 est,

394 2921 605 3016 Dulcemque
625 2937 744 3018 sponte
767 2927 901 3016 p‘raestat
920 2923 1178 2995 benivolentiam
1187 2933 1214 2995 7.
1364 2915 1366 2918 ⁵

393 3046 486 3115 Facit
504 3060 659 3140 parentes
679 3045 831 3133 bonitas,
856 3071 924 3116 non
942 3049 1129 3118 necessitas.

440 3173 501 3243 His
519 3173 749 3242 demonstrare
764 3172 870 3243 voluit
889 3189 1007 3243 auctor
1025 3175 1174 3245 versibus

393 3296 562 3367 Obsistere
580 3296 732 3366 homiues
754 3296 895 3392 legimus
907 3287 945 3384 ⁸,
962 3299 1090 3367 meritis
1111 3300 1198 3394 capi.

427 3515 585 3573 1,1³ithoeus,
605 3512 702 3565 balanti.
718 3542 750 3551 —
767 3531 789 3564 2.
807 3513 929 3576 Pithoeus,
946 3512 1008 3564 dein.
1029 3543 1061 3552 -
1079 3515 1102 3562 3.
1122 3514 1169 3566 Sic.

426 3617 450 3665 t.
467 3607 585 3670 t’ithoeus,
604 3608 697 3668 scissem
716 3605 781 3673 quod
794 3607 868 3658 secuti
881 3617 937 3657 sunt
949 3606 1067 3669 editores,
1082 3617 1110 3658 ut
1123 3623 1137 3658 e
1150 3607 1247 3659 Codice.

427 3702 452 3752 5.
466 3705 540 3752 Recte
552 3699 672 3760 Pithoeus,
689 3709 856 3766 aspectarent.
914 3701 916 3708 ⁴

425 3795 449 3842 6.
467 3791 526 3851 Sic,
546 3807 590 3858 pro
602 3789 733 3859 gignendo.
751 3819 782 3826 -
802 3808 825 3850 7.
842 3789 889 3838 Sic.
906 3819 938 3840 -.
953 3793 976 3839 8.
989 3791 1044 3851 Sic,
1063 3808 1107 3858 pro
1120 3789 1219 3858 tegibus.

764 4051 994 4070 mmmm
