3200 5214
596 668 802 732 suessos.
1148 655 1195 730 65

208 816 273 915 qui
287 834 457 909 responso
475 809 656 908 Apollinis
673 815 849 896 monitus,
863 803 1016 879 ridicula
1031 831 1132 879 orsus
1148 826 1201 882 est

207 949 250 1010 ut
264 933 416 1032 legenda
431 937 607 1025 firmaret.
633 939 764 1007 Verum
786 932 855 1004 has
872 955 945 1032 pro
959 933 1124 1030 exemplo
1132 933 1199 1022 fii·

205 1057 313 1132 bulas
330 1073 366 1130 et
384 1061 547 1148 Socrates
560 1057 686 1128 di'rinis
703 1055 869 1154 operibus
885 1053 1038 1138 indidit,
1062 1069 1096 1125 et
1111 1078 1201 1152 poe-
1258 1149 1262 1160 Ι

206 1183 298 1248 muti
323 1201 387 1250 suo
412 1176 563 1249 Flaccus
585 1182 740 1275 aptavit,
768 1175 870 1275 quod
889 1182 927 1247 in
949 1200 988 1250 se
1012 1175 1080 1248 sub
1097 1176 1200 1270 joco-

211 1323 292 1376 rum
310 1305 557 1373 communium
579 1306 714 1398 specie,
744 1306 831 1373 uita
849 1316 1063 1398 argumenta
1092 1305 1200 1375 conti-

206 1438 343 1495 neunt:
362 1449 454 1520 quas
479 1428 616 1496 Grcecis
638 1424 770 1499 iambis
798 1424 951 1502 Babrius
977 1439 1140 1521 repetens
1163 1431 1199 1494 in

207 1550 282 1622 duo
300 1551 493 1624 uolumina
506 1558 704 1639 coartavit;
725 1549 908 1623 Phaedrus
927 1557 1038 1624 etiam
1051 1569 1200 1649 partem

208 1672 372 1770 aliquam
392 1681 549 1775 quinque
567 1682 605 1746 in
625 1673 762 1746 libellos
786 1673 938 1746 resoluit.
966 1681 1024 1747 De
1050 1675 1106 1748 his
1132 1701 1198 1772 ego

210 1819 323 1892 usque
341 1795 395 1865 ud
411 1799 517 1872 XLII
539 1802 577 1866 in
600 1821 712 1868 tinum
734 1795 898 1866 redactas
915 1795 1072 1889 fabulas
1093 1795 1196 1881 dedi,

208 1943 303 2025 quas
322 1920 404 1992 rudi
423 1918 598 1997 latinitate
624 1927 836 2020 compositas
857 1919 966 2017 elegis
985 1945 1066 1992 sum
1085 1922 1200 2018 expli-

208 2066 294 2117 care
311 2058 418 2116 conat
460 2097 467 2110 .

212 2289 390 2369 Prisciani
407 2296 579 2393 sophistae
597 2319 644 2366 ex
662 2311 740 2366 arte
756 2299 1133 2391 praeuercitaminum
1150 2315 1202 2362 se·

260 2409 415 2490 cundum
433 2423 699 2512 Hermogenem
713 2415 778 2487 vel
793 2416 987 2487 Libanium
1006 2441 1052 2487 ac
1063 2437 1202 2511 graecos

259 2541 427 2612 rhetores.

258 2695 402 2769 Fabula
427 2711 481 2768 est
502 2703 617 2767 oratio
633 2699 731 2792 ficta
753 2695 944 2768 verisimili
967 2693 1202 2793 dispositione

210 2829 406 2921 imaginem
431 2822 801 2904 exhibensveritatis.
836 2823 923 2898 Ideo
954 2840 1078 2895 autem
1106 2823 1203 2895 hanc

204 2951 365 3044 primum
385 2942 529 3017 tradere
541 2951 666 3044 pueris
683 2944 801 3015 solent
818 2961 998 3035 oratores,
1020 2953 1108 3041 quia
1125 2954 1203 3018 ani-

211 3098 289 3146 mos
306 3099 430 3146 eorum
446 3073 567 3144 adhuc
584 3073 726 3161 molles,
747 3073 802 3144 acl
814 3073 979 3145 meliores
985 3075 1108 3164 facile
1121 3081 1202 3148 uras

212 3201 401 3271 instituunt
422 3203 522 3268 vitoe.
557 3201 620 3271 Usi
639 3216 722 3268 sunt
740 3223 786 3270 ea
811 3204 1037 3270 uetustissimi
1056 3223 1204 3298 quoque

210 3321 597 3407 erectores,Hesiodus,
620 3317 883 3407 Archilochus,
897 3320 1064 3409 Plautus,
1084 3327 1202 3392 Hora-

210 3448 290 3512 tius.
314 3445 563 3514 Nominautur
581 3459 705 3514 autem
734 3443 782 3512 ab
808 3443 1062 3530 inventoribus,
1086 3443 1203 3532 fabu-

212 3566 334 3639 larum
350 3565 434 3635 alioe
446 3571 630 3665 AEsopioe,
648 3569 743 3641 alise
757 3569 919 3663 Cypriae,
936 3566 1022 3639 alite
1038 3567 1204 3661 Libyca,

212 3686 298 3764 alise
311 3687 541 3782 Sybaritica,
564 3713 688 3761 omnes
705 3704 829 3759 autem
846 3696 1086 3761 communiter
1097 3695 1203 3762 AEso-

208 3815 302 3905 pice,
330 3812 507 3906 quoniam
529 3813 567 3878 in
585 3807 816 3878 conuentibus
831 3809 1047 3907 frequenter
1064 3806 1206 3882 solebat

213 3933 373 4027 AEsopus
380 3929 530 4020 fabulis
550 3935 627 4001 uti:
646 3947 679 4000 et
694 3936 879 4027 pertinent
894 3933 947 4003 cul
962 3939 1050 4004 vitce
1069 3931 1201 4005 utilita—
1265 3957 1270 3964 ·

216 4068 296 4123 tem.
318 4055 509 4151 Expositio
527 4069 649 4124 autem
660 4052 875 4140 fabularum
892 4056 973 4126 vult
988 4061 1206 4128 circuitione
