3144 5218
390 650 461 722 206
532 673 673 720 rumoni
692 671 910 718 urrunnun
929 672 995 716 ue.
1019 673 1078 734 iv,
1101 673 1177 718 ru.
1200 674 1255 719 rr.

609 904 718 971 FUR
752 904 816 970 ET
849 901 1152 970 LUCERNA1.

390 1108 593 1173 Lucrum
613 1105 683 1171 Fur
701 1100 856 1170 accendit
879 1100 1138 1184 exaratoris,

390 1227 570 1318 Ipsumque
590 1224 785 1318 compilavit
803 1222 846 1290 ad
866 1220 980 1289 lumen
1002 1245 1113 1289 suum.

391 1351 542 1417 Onustus
558 1349 644 1442 qui²
671 1345 843 1440 sacrilegio
859 1370 936 1415 cum
954 1343 1158 1424 discederet,

391 1476 540 1568 Repente
563 1495 679 1540 rocem
701 1460 877 1539 sanctam³
903 1468 994 1536 misit
1013 1466 1171 1561 Religio:

391 1592 561 1662 Malorum
577 1594 729 1688 quamvis
751 1593 815 1661 ista
831 1591 958 1660 hieriut
974 1587 1164 1672 munere⁴‚

391 1716 544 1810 Mihique
565 1717 691 1798 invisa,
718 1730 840 1784 utnon
860 1712 1015 1782 offendar
1035 1712 1188 1806 subripi;

391 1841 537 1922 Tamen,
555 1839 709 1924 sceleste,
730 1840 852 1933 spiritu
869 1837 1003 1932 culpam
1021 1836 1114 1919 lues,

392 1960 485 2033 Olim
506 1987 583 2030 cum
604 1961 792 2056 adscriptus
815 1962 944 2030 venerit
965 1949 1090 2056 poena⁵
1110 1959 1190 2030 dies.

393 2085 459 2155 Sed
475 2111 519 2154 ne
543 2086 630 2180 iguis
649 2099 762 2154 noster
786 2085 926 2154 facinori
947 2083 1147 2178 praeluceat,

393 2210 459 2276 Per
476 2231 578 2300 quem
597 2201 786 2308 verendcsl⁶
810 2205 933 2275 excolit
952 2207 1057 2300 pictas
1078 2207 1192 2289 Deos,

393 2333 481 2399 Veto
501 2354 571 2399 esse
594 2329 659 2398 tale
684 2329 820 2398 luminis
844 2331 1095 2399 commercium.

394 2458 537 2547 ltaque?
556 2452 677 2537 hodie,
700 2478 762 2522 nec
780 2442 942 2521 lucerna⁸
965 2452 1008 2521 de
1026 2451 1162 2521 flamma
1180 2456 1314 2540 Deum,

393 2580 464 2648 Nec
482 2577 523 2646 de
543 2575 679 2646 lucerna
698 2577 747 2645 fas
769 2592 819 2646 est
838 2576 974 2646 accendi
993 2601 1138 2647 sacrum.

443 2695 572 2786 Qucd9
589 2720 641 2763 res
659 2696 829 2764 contineat
847 2695 911 2764 hoc
931 2711 1168 2790 argumentum
1185 2695 1282 2765 utiles

394 2820 473 2888 Nou
491 2816 671 2910 explicabit
690 2818 775 2887 alius
798 2844 899 2914 quam
924 2821 982 2914 qui
1009 2821 1166 2915 repperit.

433 3060 455 3091 1.
470 3041 580 3094 Editores
596 3058 602 3092 :
619 3046 669 3090 Fur
680 3059 747 3090 aram
762 3042 896 3110 conpilent.

430 3154 453 3185 a.
469 3137 545 3184 Recte
561 3133 708 3184 Johnsonius
724 3135 786 3189 delet
799 3136 855 3204 qui,
873 3136 943 3186 metri
956 3152 1033 3186 causa.
1047 3135 1165 3196 Uauium,
1181 3138 1229 3201 Qtu'
1243 3149 1346 3188 omno.

430 3231 453 3276 3.
469 3230 531 3278 Cum
542 3226 634 3276 Pithoeo
642 3226 794 3286 Schwnhim,
816 3239 916 3290 sonem,
932 3228 1099 3279 emendatione
1111 3229 1175 3288 levi,
1189 3245 1234 3278 nee
1247 3239 1326 3280 umen
1338 3228 1383 3280 lor

397 3322 456 3362 tacte
467 3311 612 3370 ueceesaria,
625 3327 679 3361 eum
690 3311 762 3362 etiam
774 3312 872 3362 lectioni
883 3311 979 3363 Codicis
990 3312 1116 3362 commoda
1127 3312 1185 3362 insit
1197 3312 1323 3363 sententia.

428 3416 451 3463 t.
469 3404 573 3454 Pithoeus
591 3414 616 3454 et
634 3404 720 3470 reliqui
735 3421 832 3465 omnes,
850 3422 953 3456 numera.
974 3405 1082 3472 (Nonne
1099 3414 1180 3460 umen
1198 3406 1271 3456 lectio
1293 3403 1385 3458 Codicis

396 3489 484 3540 servari
501 3497 580 3556 postet
589 3489 617 3551 t)

430 3583 452 3631 5.
472 3582 529 3644 Sic,
548 3599 593 3650 pro
607 3599 694 3650 poenoe.

429 3677 453 3724 6.
470 3678 525 3726 Non
538 3685 574 3726 eet
585 3675 611 3725 in
622 3684 705 3725 nostro
717 3675 776 3726 Cod.
791 3673 917 3734 colendos,
935 3684 961 3725 ut
977 3684 1044 3742 putat
1057 3676 1093 3726 Cl.
1106 3674 1221 3726 Schwabe
1232 3691 1263 3725 ex
1276 3673 1384 3724 volone

397 3757 508 3820 aditio,
529 3759 615 3809 Pithoei
630 3759 731 3809 editioni
744 3758 878 3826 subjuncta.

432 3869 454 3913 7.
471 3849 666 3912 Freinshemius,
689 3856 744 3912 Ito,
762 3851 839 3902 deleta
853 3868 976 3919 voceque.
998 3851 1044 3902 Cni
1055 3851 1180 3902 obseeuttu
1199 3860 1236 3901 est
1254 3849 1386 3902 Schmhius

399 3939 430 3985 V.
447 3934 483 3986 Cl.
504 3961 536 3972 -·-
558 3937 582 3983 8.
598 3934 652 3994 Sic,
669 3951 714 4002 pro
728 3934 852 3985 lucernam

431 4043 454 4092 9.
472 4030 547 4078 Recte
559 4026 678 4086 Pithoeus,
701 4030 772 4091 Quot.
