3144 5218
380 620 446 716 198
520 643 664 692 ennom
691 644 907 695 sunnam
925 645 994 697 ma.
1011 643 1067 706 rv,
1082 643 1161 692 raa.
1180 619 1212 692 5.

376 874 516 968 Seponit
534 875 685 944 moeclre¹
707 890 853 963 vestem,
872 874 1039 944 mnndum
1055 871 1272 958 muliebrem,

376 1000 594 1070 Lavationem
611 1017 825 1098 argenteam,
843 1002 1041 1088 eunuchos,
1063 999 1221 1096 glabros:

377 1122 538 1194 Lanificae
554 1122 700 1219 agellos,
718 1137 883 1220 pecora²‚
903 1123 1038 1213 villam,
1056 1124 1243 1219 operarios,

379 1251 505 1332 Boves,
523 1249 676 1343 jumenta
698 1263 732 1318 et
755 1251 1014 1319 instrumentum
1036 1249 1223 1318 rusticum:

379 1361 505 1431 Potrici
527 1359 660 1456 plenam
676 1363 822 1458 antiquis
842 1353 1039 1458 apotecam³
1059 1362 1169 1448 cadiS,

380 1487 530 1554 Domum
552 1483 692 1580 politam
712 1501 747 1555 et
769 1485 928 1556 delicatos
946 1484 1113 1556 hortulos.

382 1608 438 1678 Sic
459 1608 622 1679 destinata
645 1611 725 1680 dare
748 1636 826 1682 cum
846 1610 948 1681 vellet
967 1608 1107 1707 singulis

379 1736 424 1802 Et
440 1732 640 1827 adprobaret
660 1733 805 1830 populus
823 1736 885 1832 qui
906 1733 979 1804 illas
996 1749 1151 1815 noverat,

771 1957 1002 2026 nsornsl.

383 2159 525 2248 AEsopus
547 2155 657 2224 media
678 2157 789 2225 subito
809 2158 844 2224 iu
864 2154 1162 2226 turbasconstitit:

299 2370 303 2383 Ι
382 2281 415 2349 Ο
434 2279 461 2348 si
479 2295 629 2348 maneret
650 2275 809 2350 condito*
835 2292 950 2349 sensus
968 2280 1073 2375 patri,
1314 2273 1372 2328 *⁶⁴

382 2405 496 2492 Quam
515 2404 661 2499 graviter
681 2403 783 2474 ferret
799 2404 890 2500 quod
910 2402 1116 2474 voluntatem
1136 2426 1229 2471 suam

383 2527 600 2620 Interpretari
624 2551 693 2596 non
719 2528 905 2621 potuissent
929 2523 1053 2596 Attici!

385 2653 535 2745 Rogatus
558 2649 678 2719 deiude
697 2649 794 2720 solvit
811 2675 960 2720 errorem
979 2650 1143 2720 omnium.

385 2776 535 2843 Domum
556 2789 589 2842 et
607 2788 805 2844 ornamenta
823 2799 898 2843 oum
919 2775 1066 2844 venustis
1087 2771 1207 2842 ortulis
1225 2759 1252 2855 ⁵,

387 2896 430 2961 Et
448 2895 525 2962 vina
546 2909 656 2963 vetera
675 2895 750 2964 date
769 2895 907 2965 lanificae
930 2897 1085 2965 rusticae:

387 3020 540 3104 Vestem,
562 3018 727 3103 uniones,
749 3019 947 3114 pedisequos
965 3035 999 3088 et
1020 3033 1128 3088 cetera

390 3138 442 3208 Illi
463 3138 652 3235 adsignata,
676 3141 776 3209 vitam
796 3167 870 3236 quae
892 3139 972 3211 luxu
998 3142 1123 3211 trahit:

391 3266 498 3357 Agros
517 3258 641 3332 utiles⁶
661 3280 693 3333 et
714 3275 878 3358 peccora7
900 3292 976 3334 cum
996 3265 1185 3360 pastoribus

427 3548 448 3579 1.
467 3534 513 3579 Pro
525 3528 627 3580 mmhoe.
646 3558 678 3566 —-
699 3547 722 3579 a.
735 3530 821 3590 Prius,
835 3547 938 3599 peccaro
958 3529 1030 3594 [sio]

426 3625 449 3670 3.
468 3623 523 3682 Sic,
542 3638 587 3690 pro
604 3621 747 3690 apothecam.

425 3725 448 3772 t.
463 3718 539 3765 Recte
551 3714 655 3765 rithmus
666 3715 747 3780 reiecit
760 3714 822 3766 hauc
833 3731 931 3777 vooem,
944 3732 1016 3781 quam
1028 3717 1130 3766 oscitans
1146 3713 1271 3775 librarius,
1283 3723 1310 3764 ut
1320 3728 1379 3780 saepe

391 3807 463 3867 alibi,
476 3823 521 3874 pro
532 3807 603 3859 titulo
616 3808 710 3858 habuit.
728 3836 761 3846 -
783 3809 806 3857 5.
824 3808 871 3859 sio.

426 3904 451 3951 6.
467 3897 589 3959 Pitlaoeus,
603 3905 700 3968 Agros,
719 3900 795 3961 vitm
811 3916 882 3965 quam
901 3899 1090 3950 emendationem
1105 3909 1131 3948 ut
1151 3898 1273 3966 scripture
1287 3896 1380 3949 Codicis

393 3993 527 4060 proximam
541 3991 631 4059 reoepit
643 3990 793 4053 Schwabius,
811 3997 842 4042 V.
855 3993 891 4043 Cl.
904 4020 937 4030 —
952 4012 974 4056 7.
990 3992 1046 4054 Sic,
1066 4008 1110 4060 pro
1120 4007 1217 4060 pecora.
