3140 5212
374 641 755 699 numentanorum
773 613 843 696 ira.
865 650 901 712 1,
920 647 996 694 raa.
1014 623 1071 695 30.
1152 619 1217 708 145

257 875 401 946 ΒΑΝΕι
430 877 703 950 METUENTES
722 867 986 950 TAURORUM
1007 876 1195 947 PRAELIA.

233 1080 394 1148 Huurnns
416 1075 571 1150 laborant
594 1080 653 1149 ubi
678 1081 831 1175 potentes
855 1077 1029 1150 dissident.

283 1205 378 1272 Rana
396 1202 432 1272 in
454 1203 576 1299 palude
594 1230 743 1300 pugnam
762 1197 952 1276 Taurorum
973 1204 1125 1286 intuens,

234 1329 333 1412 Heu,
354 1341 480 1420 quanta
498 1328 597 1397 nobis
616 1329 722 1398 instar
743 1324 927 1424 pernicies!
947 1326 1004 1396 ait.

235 1452 444 1544 Interrogata
465 1452 508 1520 ab
530 1450 619 1538 alia,
639 1478 699 1524 cur
716 1453 783 1524 hoc
805 1451 949 1538 diceret,

236 1575 290 1642 De
315 1574 506 1670 principatu
522 1601 599 1646 cum
617 1573 673 1646 ille
693 1576 741 1646 illi
758 1590 927 1647 certarent
948 1581 1089 1670 greges²

237 1701 419 1792 Longeque
437 1698 478 1767 ab
502 1698 567 1768 illis
588 1698 749 1795 degerent
766 1699 871 1768 vitam
891 1697 1017 1767 boves:

236 1823 299 1890 Est
316 1813 427 1889 ratio3
449 1836 621 1918 separata,
640 1819 798 1917 inquit&
816 1846 855 1891 ac
869 1819 1036 1890 diversum
1052 1843 1178 1915 genus;

237 1933 429 2038 Expulsos⁵
448 1971 551 2041 regno
569 1945 715 2015 nemoris
735 1945 794 2041 qui
810 1943 998 2040 profugerit

237 2065 372 2137 Paludis
393 2069 428 2136 in
450 2085 577 2138 secreta
593 2070 705 2139 veniet
724 2067 887 2156 latibula,

240 2193 283 2259 Et
304 2190 512 2285 proculcatas
527 2192 661 2262 obteret
678 2193 764 2262 duro
781 2191 890 2287 pede:

241 2316 293 2381 lta
309 2311 437 2407 caput⁶
456 2315 498 2384 ad
516 2331 669 2385 nostrum
688 2317 783 2385 furor
802 2312 935 2385 illorum
955 2315 1111 2408 pertinet.

280 2557 301 2588 1.
318 2539 366 2590 sic.
392 2568 424 2576 -
451 2557 474 2590 a.
490 2543 566 2590 Reate
584 2540 690 2592 Pithoeus
707 2556 715 2590 t
734 2540 830 2608 gregis,
856 2548 883 2590 ut
902 2539 970 2606 prins
986 2537 1112 2604 legebatur
1126 2539 1153 2590 iu
1169 2537 1234 2590 (lod.

244 2633 353 2686 Schwab.
364 2642 460 2701 recepta
472 2633 575 2709 iusuper¹
584 2633 753 2684 emendatione
765 2633 859 2686 Heinsii
869 2669 877 2694 ,
889 2650 943 2682 eum
955 2630 1103 2682 decertarent
1110 2631 1202 2700 gregis.

278 2729 302 2777 3.
316 2725 434 2787 Pithoeus,
446 2725 517 2776 nuto
529 2735 573 2794 est.
585 2725 698 2785 Gudlus,
720 2728 768 2776 Est
776 2725 856 2775 statio.

278 2830 302 2878 t,
318 2819 424 2870 Pithoeus
435 2855 442 2880 ‚
454 2819 495 2869 ait.
509 2819 557 2869 sed
569 2835 615 2870 vox
628 2819 729 2888 inquito
743 2819 818 2886 glossa
826 2818 927 2870 videtur.
945 2799 1017 2870 Unde
1027 2819 1065 2869 vir
1074 2818 1237 2870 ornatissimus

244 2912 359 2964 Schwabe
374 2912 409 2964 ita
425 2912 492 2984 hunc
507 2927 601 2962 versum
619 2911 778 2962 emendavit:

377 3007 424 3053 Est
436 3005 508 3054 statio
523 3015 649 3074 separata,
665 3023 695 3055 ae
707 3003 823 3055 diversam
838 3021 922 3074 gemas.

247 3095 296 3148 Alii
308 3095 368 3157 alia,
382 3112 475 3164 nque,
489 3105 516 3148 ut
528 3096 600 3148 nobis
611 3097 708 3165 quidem
720 3097 825 3160 videtur,
837 3095 989 3158 felicissime,
1005 3095 1031 3146 io
1046 3095 1094 3147 hoc
1105 3111 1173 3148 versu
1186 3105 1238 3147 ten-

247 3196 364 3240 uvnunt

289 3281 313 3329 5.
331 3278 375 3340 si,
388 3295 433 3346 pro
446 3279 564 3348 repulsus.
577 3280 697 3332 Emendat
710 3281 869 3343 Schwabius,
887 3279 937 3330 aed
948 3279 1042 3349 pulsus.
1079 3307 1088 3328 ι

282 3376 308 3426 6.
323 3371 434 3423 Correxit
446 3373 553 3424 Pithone
566 3391 574 3425 ε
592 3377 670 3444 Caput
682 3375 729 3434 ita3
747 3375 812 3440 quod
827 3383 949 3442 receptum
961 3374 1055 3424 videtur
1067 3373 1098 3424 ab
1107 3371 1239 3424 editoribus

250 3473 278 3514 ut
293 3463 411 3531 scriptura
431 3463 542 3525 vodium
560 3479 615 3516 cam
634 3461 778 3524 tectionem,
801 3470 840 3514 lta
857 3476 927 3534 caput
945 3503 951 3526 ‚
971 3481 1062 3516 meran
1079 3464 1182 3515 Bentleii
1200 3474 1240 3516 aut

251 3557 317 3609 narii
333 3559 495 3624 conjecturam
512 3566 664 3624 putaverunt.

673 3786 835 3954 {latit
