3140 5212
382 618 447 710 174
521 635 661 684 ramum
679 636 896 684 ranuunnuu
913 637 977 682 mn
998 636 1060 697 111,
1078 636 1158 683 unu.
1183 638 1214 708 7.

602 869 777 937 LUPUS
813 868 884 936 AD
920 867 1130 937 CANEM¹

424 1069 539 1157 Quen
562 1071 667 1141 dulcis
690 1073 733 1140 sit
750 1071 885 1141 libertas
908 1071 1053 1140 breviter
1070 1068 1260 1166 proloquar.
1327 1144 1338 1165 .

377 1193 477 1263 *Cani
499 1211 657 1289 perpasto
680 1197 786 1266 macie
808 1194 977 1264 conlectus
998 1193 1115 1289 Lupus
1306 1187 1362 1240 ⁴3⁵

377 1325 476 1390 Forte
496 1324 666 1392 occurrit:
688 1323 764 1392 dein
789 1321 989 1391 salutantes²
1013 1323 1155 1392 invicem

378 1449 427 1514 Ut
444 1446 662 1514 restiterunt:
683 1445 781 1514 Unde
799 1445 864 1528 sic,
885 1468 1018 1538 quaese,
1038 1445 1152 1515 nites?

377 1569 447 1637 Aut
469 1594 535 1664 quo
559 1570 635 1639 cibo
656 1570 761 1640 fecisti
782 1583 913 1638 tantum
940 1569 1119 1662 corporis?

377 1694 470 1785 Ego,
493 1693 552 1785 qui
580 1717 653 1760 sum
674 1691 772 1787 longe
791 1692 927 1780 fortior,
953 1718 1053 1788 pereo
1074 1689 1171 1761 lame.

379 1814 480 1883 Canis
496 1811 689 1906 simpliciter
708 1842 716 1883 ε
735 1815 860 1902 Eadem
878 1832 928 1885 est
945 1816 1097 1886 condicio
1116 1817 1199 1900 tibi,

378 1940 539 2006 Praestare
560 1936 696 2005 domino
715 1940 742 2007 si
762 1929 996 2034 'par'officium
1021 1954 1125 2033 potes.
1160 1959 1163 1966 ’

379 2059 511 2151 Quod?
532 2060 641 2153 iuquit
659 2058 724 2129 ille:
738 2064 866 2132 -Custos
884 2078 924 2132 ut
941 2063 984 2131 sis
1005 2061 1149 2148 liminis,

380 2187 410 2252 Α
430 2183 559 2254 furibus
577 2184 698 2253 tuearis
722 2198 755 2253 et
779 2200 882 2256 noctu
902 2186 1050 2255 domum.

379 2312 455 2403 Ego
475 2334 552 2378 vero
570 2334 645 2378 sum
662 2323 820 2404 paratus:
844 2334 934 2379 nunc
956 2310 1065 2403 patior
1086 2308 1177 2375 nives

381 2433 594 2527 Imbresque,
615 2434 649 2500 iu
665 2431 755 2501 silvis
772 2457 921 2528 asperam
941 2435 1045 2501 vitam
1065 2431 1223 2500 trahens:

382 2557 519 2644 Quanto
539 2571 589 2624 est
606 2555 735 2625 facilius
756 2556 863 2641 mihi,
891 2556 952 2625 sub
973 2569 1060 2624 tecto
1083 2556 1210 2641 vivere,

382 2683 426 2748 Et
447 2682 590 2748 otiosum
615 2678 707 2773 largo
735 2676 879 2748 saciari³
895 2679 1010 2748 cibo?

383 2802 474 2868 Veni
495 2826 575 2896 ergo
596 2826 739 2870 mecum.
764 2804 855 2871 Dum
876 2800 1082 2895 procedunt,
1111 2801 1227 2896 aspicit

385 2927 502 3015 Lupus
522 2949 541 2992 a
569 2937 686 2992 catena
712 2922 834 2992 collum
859 2924 1019 2991 detritum
1038 2924 1140 2993 Canis
1153 2921 1179 2991 4.

384 3045 484 3113 Unde
498 3045 581 3131 hoc,
600 3045 733 3114 amice?
751 3044 846 3116 Nihil
864 3063 923 3115 est.
943 3046 1027 3132 Dic,
1044 3071 1177 3140 quaeso,
1196 3061 1316 3114 tamen.

385 3169 474 3258 Quia
497 3167 613 3237 videor
634 3193 730 3256 acer,
752 3163 891 3265 alligant
908 3195 961 3238 me
986 3169 1153 3258 interdiu,

385 3297 475 3361 Luce
494 3307 530 3360 ut
552 3294 743 3387 quiescam,
763 3309 796 3361 et
815 3293 970 3388 vigilem,
993 3320 1058 3362 nox
1076 3319 1153 3363 cum
1171 3295 1322 3363 venerit:

386 3418 590 3512 Crepusculo
612 3416 753 3506 solutus,
772 3443 837 3512 qua
856 3419 963 3487 visum
979 3433 1048 3505 est,
1067 3443 1179 3513 vagor.

425 3732 445 3763 1.
461 3713 587 3765 Editores:
610 3713 683 3764 Canis
700 3727 723 3764 et
736 3721 822 3785 Lupus.

422 3823 445 3854 u.
461 3805 580 3868 Pithecusa,
596 3807 723 3856 salutantes
739 3806 801 3856 dein.

422 3899 444 3945 3.
462 3897 516 3957 Sic,
534 3915 578 3964 pru
592 3900 679 3948 satiari.

421 3999 444 4047 4.
456 3989 566 4041 Heinsius
576 4000 598 4041 et
612 3991 670 4043 Cud.
681 3996 732 4042 Per.
742 3992 815 4054 Cani,
829 3991 893 4058 quod
902 3992 1008 4057 sequitur
1018 3992 1054 4043 vir
1063 3991 1232 4043 eruditissimus
1243 3989 1365 4042 Schwabe.
