3146 5220
637 680 840 744 uuinton.
1188 703 1226 748 11

290 849 307 883 a
326 821 590 916 Suspicionem,
618 820 673 891 dit
688 827 920 908 Burmann¹‚
943 819 1086 894 dudum
1103 839 1231 897 natam

230 944 347 1032 fuisse
366 941 482 1015 doctis
505 949 683 1032 novimus,
711 945 858 1018 Phoedri
868 945 1025 1040 fitbulas
1048 946 1129 1018 ideo
1145 949 1232 1039 sere

235 1073 405 1164 periisse,
415 1073 505 1164 quia
511 1073 660 1138 senonis
671 1067 834 1140 versibus
844 1072 1070 1166 conscriptae,
1084 1065 1234 1139 indoctis

242 1207 279 1260 et
288 1189 439 1262 rudibus
453 1189 609 1262 librariis
622 1215 787 1262 sermone
799 1189 921 1263 soluto
935 1190 1169 1262 credebantur
1181 1192 1234 1263 ab

241 1339 284 1382 eo
291 1313 462 1411 prodita.
485 1316 582 1404 Quia
593 1319 703 1384 etiam
717 1313 911 1404 nullafere
925 1313 1060 1385 saecula
1078 1313 1230 1406 effluxe-

242 1451 327 1505 rant
353 1434 485 1532 quibus
510 1460 583 1506 non
596 1435 753 1526 fabulas
766 1439 935 1534 fingere,
965 1453 1001 1508 et
1029 1441 1161 1536 AEsopi
1182 1437 1236 1508 od

242 1556 464 1656 exemplum,
485 1556 555 1626 lzoc
569 1565 691 1654 scripti
706 1585 838 1656 genere
859 1567 916 1631 sni
932 1568 1102 1660 temporis
1120 1587 1232 1634 mores

243 1693 370 1748 notare
396 1683 619 1749 instituerunt
644 1687 716 1750 uiri
742 1683 969 1754 mediocriter
991 1684 1139 1771 eruditi,
1172 1692 1236 1783 qui

154 1795 157 1806 ¹
241 1806 394 1896 oesugza
411 1800 564 1872 Phaedrt
575 1824 802 1900 prementes,
821 1805 884 1876 uel
906 1810 1004 1904 ipsas
1021 1811 1152 1905 AEsopi
1162 1810 1233 1899 fiz-

242 1925 349 1997 bulas
360 1927 663 2024 interpolaverunt,
676 1931 741 2020 vel
750 1935 825 2027 qus
839 1957 969 2002 nomen
978 1939 1234 2032 interponentes

240 2056 464 2122 auctoritatis
494 2058 635 2149 gratia,
655 2056 811 2146 assectas
830 2061 1005 2153 proprios
1028 2062 1066 2126 in
1081 2058 1236 2148 fabulas

241 2173 519 2244 transtulerint.»

290 2305 415 2376 Unde
441 2330 500 2376 ces
527 2307 714 2404 plagiaires
739 2324 792 2380 est
815 2308 962 2406 designe
986 2334 1070 2381 sous
1089 2311 1124 2381 le
1144 2336 1232 2382 nom

240 2427 287 2498 de
300 2428 479 2499 Romulus
491 2431 515 2500 ².
538 2433 600 2501 Ses
618 2428 732 2502 fahles
746 2457 794 2502 eu
808 2457 915 2530 prose
928 2449 1138 2504 remontent
1152 2433 1235 2532 plus

240 2551 329 2624 haut
356 2579 430 2650 que
463 2553 498 2624 le
526 2551 627 2624 XIIIe
654 2555 780 2638 siecle,
814 2557 970 2652 puisque
1004 2558 1162 2626 Vincent
1188 2555 1238 2626 de'

283 2793 310 2829 1.
323 2776 357 2830 ln
366 2771 450 2830 me.
463 2771 501 2828 ad
513 2770 590 2830 Edit.
597 2771 679 2830 Leid.
693 2790 785 2844 1727,
800 2770 886 2846 Μ’,
895 2772 951 2830 cite
966 2791 1021 2849 par
1031 2777 1072 2830 M.
1085 2771 1235 2830 Schwabe.

282 2908 310 2947 α.
329 2893 373 2948 Le
388 2887 543 2946 collection
557 2887 609 2946 des
619 2885 712 2946 lables
719 2886 757 2944 de
770 2887 912 2946 Romulus
927 2887 1058 2946 contient
1066 2889 1143 2946 aussi
1154 2888 1238 2946 d'au-

240 3008 299 3052 tres
309 2992 405 3052 'lables
415 3013 474 3071 que
487 2993 575 3050 celles
591 2992 710 3050 traitc'es
724 3012 779 3070 per
788 2991 913 3050 Phedrc.
927 2997 969 3050 M.
983 2990 1063 3069 Adry
1075 3012 1166 3070 pense
1178 3013 1236 3070 que

241 3101 310 3158 c’est
323 3113 398 3158 cette
414 3099 587 3170 collection,
602 3099 671 3156 telle
684 3099 791 3176 qu’elle
804 3117 879 3156 nous
903 3119 921 3155 a
934 3099 980 3156 ete
994 3099 1165 3170 conservio,
1179 3117 1237 3176 quc

240 3203 300 3262 l'on
312 3204 456 3282 disigneit
467 3204 702 3262 communiment
709 3203 845 3281 jusqu’eu
854 3199 939 3262 XV1⁰
949 3204 1034 3261 siecle
1046 3223 1115 3261 sous
1127 3205 1155 3262 le
1166 3223 1235 3261 uam

242 3309 279 3368 de
289 3308 394 3368 Fabios
406 3299 553 3384 cleope,
565 3309 695 3386 quoique
707 3308 750 3366 les
759 3308 848 3385 sujets
861 3307 899 3365 de
906 3309 1131 3385 quelqueuunes
1143 3308 1238 3366 soient

243 3415 399 3473 tout-it-fait
414 3416 564 3492 &trangers
580 3417 598 3471 lt
618 3413 791 3490 l’entiquite.
815 3413 1001 3491 J’ajouterai,
1016 3431 1094 3490 pour
1108 3412 1150 3470 les
1167 3432 1233 3490 per-

242 3539 349 3580 sonues
359 3520 412 3598 qui
422 3518 628 3578 admetuuient
641 3517 851 3576 l’authenticite
863 3515 914 3574 des
926 3515 1038 3594 poesies
1047 3515 1084 3574 de
1093 3516 1234 3582 clotilde,

243 3647 301 3704 que
317 3629 386 3684 c’est
409 3624 633 3706 probablemeut
649 3625 679 3681 lu
699 3624 727 3681 le
749 3622 856 3680 recueil
880 3619 990 3680 traduit
1010 3642 1064 3699 par
1085 3622 1178 3680 Marie
1200 3621 1236 3678 de

243 3735 373 3804 Franco,
396 3733 520 3809 laquelle
537 3731 629 3789 vivait
643 3750 711 3788 sous
727 3729 889 3788 St.-Louis.

396 3890 408 3915 «ι
425 3865 558 3921 Socrates
578 3876 644 3920 tout
657 3883 690 3920 ce
704 3863 822 3940 present
841 3862 912 3918 livre

404 3949 552 4038 Dllsope,
568 3981 604 4017 en
618 3981 684 4018 vers
698 3961 815 4036 grieux‚
830 3960 877 4017 fist
891 3959 1018 4030 rcvivre;

403 4059 471 4115 Puis
491 4079 527 4116 eu
552 4058 639 4115 latins
659 4078 697 4116 on
716 4059 866 4128 lemma,
