3140 5212
448 645 666 692 vemens
703 647 947 693 LECTIONlS.
1128 650 1195 723 109

403 772 510 828 Chorus
527 773 641 827 reducto
653 784 719 828 tunc
734 785 761 827 et
821 775 902 828 Tunc
915 774 1016 830 chorus
1031 776 1155 846 ignotum

442 863 538 906 notum
551 854 686 907 canticum
859 871 936 907 more
958 854 1040 909 ducto
1059 855 1194 912 cauticum

405 929 549 985 incolumis
817 932 960 988 incolomis

403 1010 529 1081 intelligit
819 1010 949 1083 intellegit

402 1089 520 1143 illudens
819 1091 947 1146 inludens

404 1170 539 1224 existimat
819 1172 933 1225 estimat

403 1250 506 1303 honore
522 1248 620 1302 divinae
632 1249 731 1304 dumus
821 1251 953 1304 honorem
965 1251 1031 1306 vidit
1042 1253 1138 1308 divine
1149 1253 1196 1308 do·

859 1347 920 1384 mus

404 1408 516 1461 Occasio
530 1406 638 1481 depicta
817 1411 937 1481 Tempus

406 1487 477 1543 Cum
489 1487 534 1540 vix
819 1492 913 1555 Quum
929 1490 974 1542 vix

403 1629 485 1683 quam
499 1622 531 1665 tu
541 1620 620 1667 ustus
633 1630 661 1666 es
820 1623 902 1676 quam
914 1617 994 1661 natus
1017 1626 1101 1678 esses;
1121 1608 1196 1662 mais·

819 1702 856 1738 on
872 1704 891 1740 a
909 1689 1038 1759 ponctue
1058 1706 1144 1751 esses,
1163 1704 1196 1740 ce

818 1765 868 1838 qui
874 1764 991 1839 designe
1001 1767 1124 1836 toujours
1134 1783 1195 1821 ccr-

816 1844 925 1899 rection
934 1864 944 1898 :
954 1863 993 1900 au
1005 1846 1097 1901 moins
1110 1847 1193 1919 quel-

816 1926 901 1997 qu'un
915 1942 934 1978 a
947 1943 997 1979 cru
1012 1924 1193 1998 qu'ilsaller't

816 2001 930 2074 esfacer
944 2022 1024 2060 esses.

396 2088 514 2142 Venator
525 2099 553 2142 et
563 2090 644 2143 Canis
817 2083 898 2138 Canis
909 2094 935 2138 et
946 2095 1161 2139 servus'venetor

397 2166 475 2221 fortis
817 2162 900 2216 fortes
913 2174 939 2216 et

397 2264 484 2318 quum
816 2242 883 2296 dum

398 2323 602 2400 ingravantibus
816 2321 1020 2390 ingrsbentibus

402 2421 458 2457 non
473 2422 518 2458 me
816 2418 872 2454 non
887 2409 914 2454 te

400 2483 476 2553 quod
489 2501 547 2537 non
557 2500 651 2537 sumus
816 2478 892 2550 quod
905 2495 999 2532 sumus

399 2562 521 2633 Philetc,
532 2563 683 2639 scripserim
816 2558 861 2613 file
875 2557 1073 2630 descripserim.
1093 2575 1144 2612 sur
1156 2558 1191 2612 re

816 2637 853 2692 de
868 2637 913 2691 file
925 2656 964 2691 un
977 2638 1002 2706 i,
1018 2654 1130 2692 comme
1143 2638 1193 2692 s'il

815 2714 913 2775 fauait
931 2716 982 2771 lire
998 2715 1054 2784 lili;
1077 2717 1150 2772 mais
1166 2719 1193 2772 le

814 2797 849 2850 de
857 2797 896 2851 de
903 2792 1091 2869 descripserim
1100 2797 1192 2853 donne

814 2874 835 2929 ὰ
841 2893 949 2949 penset
960 2875 1060 2949 qu'ily
1070 2879 1147 2932 avait
1156 2887 1191 2939 te,

395 2956 510 3032 pulchre
520 2959 594 3014 vides
813 2956 928 3028 pulchre
941 2953 1025 3010 vides.

853 3063 961 3122 Phedri
976 3069 1044 3136 Aug.
1060 3063 1152 3122 liberti

849 3145 932 3200 Liber
953 3143 1067 3218 quintus
1082 3145 1194 3220 explicit

834 3223 960 3280 feliciter.

239 3402 285 3458 Ici
291 3405 401 3476 fim‘tle
413 3401 444 3462 5⁶
458 3408 542 3476 ἄρνες
553 3420 583 3463 et
598 3427 645 3465 ces
661 3421 758 3465 autres
766 3407 870 3476 sablcs
887 3405 938 3480 qui
953 3405 1063 3460 suivent
1077 3423 1114 3459 ne
1127 3417 1192 3459 sont

196 3515 255 3568 pas
268 3497 341 3552 dans
355 3508 435 3553 notre
446 3500 511 3555 MS.
526 3500 554 3553 Il
564 3504 614 3571 n'y
622 3520 642 3556 a
649 3502 734 3575 point
744 3498 903 3572 defeuillet
912 3499 1007 3571 perde
1012 3538 1023 3564 ‚
1039 3496 1090 3570 qui
1092 3496 1192 3571 puisse

189 3586 274 3652 faire
295 3586 387 3663 juger
407 3608 461 3663 que
476 3591 602 3646 d'autres
615 3592 717 3664 sables
738 3592 818 3646 aient
831 3592 876 3644 e'te
891 3590 970 3644 aussi
980 3589 1130 3663 [κτάνω
1151 3589 1192 3644 les

190 3677 323 3742 ¹feuillets
343 3699 380 3736 ne
400 3692 466 3737 sont
476 3681 562 3756 point
576 3686 693 3757 separes
701 3724 712 3751 ,
730 3695 758 3738 et
772 3685 800 3738 le
816 3693 876 3738 tout
880 3678 949 3752 fait
965 3681 1046 3737 suite.

421 3905 686 3958 Constrictus
715 3907 749 3956 D.
780 3906 980 3959 Vincsuru

631 4028 754 4082 Finis
