3140 5212
360 633 501 682 ennom
521 633 741 682 rasnnannar
760 633 828 679 nra.
843 632 875 694 1,
895 627 972 676 aaa.
997 625 1050 670 rr.
1136 593 1203 668 125

336 822 533 918 i'srtsns
563 848 627 918 er
658 849 763 918 Leo
793 843 1082 915 venisses.

217 1047 387 1114 Vntrnrrs
407 1069 523 1140 expers
549 1047 656 1116 verbis
677 1048 807 1141 jactans
829 1045 971 1141 gloriam

216 1172 354 1262 Ignotos
373 1168 480 1256 fallit,
502 1170 593 1241 notis
615 1185 666 1241 est
681 1171 815 1241 derisui.

263 1292 388 1362 Venari
415 1290 527 1363 Asello
545 1293 669 1364 comite
691 1318 768 1364 cum
792 1289 891 1362 vellet
916 1293 1009 1367 Leo,

216 1414 372 1482 Contexit
394 1412 488 1485 illum
514 1413 679 1500 frutice*‚
703 1431 738 1484 et
755 1413 931 1484 admonuit
948 1408 1047 1480 simul

216 1540 265 1607 Ut
288 1537 418 1607 insueta
443 1563 524 1608 voce
552 1553 691 1610 terreret
716 1540 820 1625 feras,

218 1659 398 1755 Fugientes
418 1661 489 1755 ipsc
513 1671 571 1734 ut¹
591 1663 768 1758 exciperet.
791 1663 856 1732 llic
874 1657 1062 1730 auriculus²

218 1775 433 1853 Clamorem³
454 1783 565 1856 subito
587 1785 675 1856 tollit
701 1783 806 1856 totis¹l
831 1783 980 1869 viribus,

1175 1399 1207 1448 *8

216 1908 380 2002 Novoque
403 1908 517 1978 turbat
537 1908 661 1978 bestias
680 1906 855 1978 miraculo.

151 2079 156 2096 ,
217 2019 320 2120 Que⁵
346 2030 426 2100 dum
448 2045 607 2126 paventes
624 2032 733 2102 exitus
751 2045 850 2100 notos
868 2042 1011 2125 petunt,

217 2153 341 2222 Leonis
358 2145 587 2223 adficiuntitr⁶
604 2153 774 2224 horrendo
793 2155 931 2247 impetu.

218 2274 287 2364 Qui
309 2289 488 2369 postquam
505 2275 593 2345 erede
612 2275 739 2345 fessus?
756 2276 899 2344 Asinum
916 2284 1051 2356 evocet,

217 2400 383 2494 iubetque
405 2425 521 2472 vocem
540 2422 704 2496 premere.
734 2391 858 2470 Τιίηε8
878 2398 934 2467 ille
956 2394 1125 2466 insolens:

220 2524 365 2616 Qualis9
392 2527 453 2597 tibi
479 2527 611 2597 videtur
634 2551 737 2623 opera
762 2529 852 2596 vocis
880 2525 988 2596 mete?

219 2647 387 2742 Insignis,
405 2650 535 2745 inquit,
555 2652 620 2738 sic,
638 2666 677 2721 ut
693 2652 759 2720 nisi
775 2673 905 2719 nossem
925 2665 1021 2718 tuum

220 2771 380 2842 Animum
398 2797 586 2869 genusqoe,
608 2774 707 2845 simili
729 2776 863 2845 fuissem
881 2775 916 2844 in
935 2786 1027 2843 metu
1042 2779 1085 2838 ¹⁰.

256 2993 277 3023 1.
295 2971 382 3022 stetin
392 2989 447 3023 curn
458 2977 484 3023 Ρ.
497 2974 604 3025 Danielis
614 2974 720 3027 chartule
735 2991 742 3024 :
761 2975 811 3044 ipse
822 2974 949 3043 escioeret,
963 2972 1048 3023 emisse
1061 2985 1119 3021 roes
1135 2980 1168 3020 ut.

259 3085 283 3120 s.
298 3073 388 3129 Recte,
399 3069 508 3129 euolat,
523 3069 660 3120 Stltwabius
670 3087 701 3121 ex
714 3069 818 3136 ttigattio
828 3085 835 3119 ι
846 3067 978 3119 Awimlus.

256 3163 278 3210 3.
294 3166 330 3211 lta
343 3159 503 3212 emendatum.
516 3167 550 3212 At
559 3162 637 3229 prima
650 3162 740 3213 lectio:
756 3161 875 3212 Clamant
888 3160 951 3226 [aie].
962 3163 1015 3211 Nec
1024 3157 1142 3210 brotierio
1153 3157 1212 3206 lides

221 3252 372 3313 adhibenda,
385 3253 428 3319 qni
444 3267 470 3303 se
483 3252 519 3303 ibi
537 3254 619 3320 legisse
637 3263 756 3306 testatur:
772 3253 898 3303 clamorem
917 3263 955 3312 et,
976 3267 1045 3312 cum,
1060 3251 1113 3300 loon
1130 3249 1212 3316 printae

221 3345 343 3408 lectionis,
359 3345 514 3413 (classone),
526 3346 637 3398 librarius
653 3347 775 3413 scripserit
787 3345 926 3405 clariorem,
943 3345 1007 3394 linea
1020 3343 1131 3410 inposite
1143 3342 1168 3392 in
1182 3360 1212 3402 e,

225 3446 397 3505 expunctaqoe
412 3437 489 3489 littera
500 3449 516 3488 t.

256 3541 280 3587 4.
297 3529 422 3580 Editores:
437 3531 490 3580 totis
507 3528 573 3580 tollit.
590 3557 620 3568 -
641 3531 665 3580 5.
678 3529 734 3590 Sic,
751 3546 796 3596 pro
808 3546 869 3598 quoe.

257 3625 282 3672 6.
299 3622 336 3674 Cl.
348 3621 463 3674 Schwabe
474 3639 505 3673 ex
518 3622 579 3674 cod.
595 3622 660 3673 Petri
679 3622 803 3674 Danielis:
817 3621 964 3689 affliguntur.

258 3733 281 3777 7.
297 3715 344 3766 Hie
361 3715 466 3766 Pitboeus
479 3714 621 3782 interposuit
637 3725 686 3775 est,
703 3715 782 3766 ceteri
799 3722 950 3782 receperunt.

257 3812 280 3858 8.
287 3811 356 3858 Fsrat
364 3807 458 3858 Gudius
466 3823 600 3858 asseverans
607 3817 662 3857 tunc
669 3808 749 3859 deesse
760 3809 786 3858 in
797 3807 856 3859 eod.
863 3835 894 3844 -
903 3824 927 3871 9.
936 3805 1014 3857 Prima
1026 3804 1111 3855 lectio:
1125 3803 1214 3871 quales.

258 3919 292 3951 ro.
307 3902 395 3952 Melius
404 3901 552 3953 doctissimus
564 3901 691 3965 Schwabe,
703 3919 758 3952 cum
769 3901 829 3956 eod.
840 3906 866 3952 Ρ.
879 3899 1002 3951 Danielis:
1019 3897 1089 3949 simili
1095 3896 1215 3965 suga‘ssem

225 4002 292 4042 melli.
