3144 5218
329 632 471 682 ramum
486 633 718 680 'rennuerunt
739 631 804 678 nin.
824 631 878 695 w,
901 633 979 678 ran.
999 607 1055 680 33.
1131 608 1200 694 243

416 865 635 938 SCURRA
666 864 987 936 RUSTICUS¹.

204 1072 330 1140 Pravo
356 1067 470 1137 favore
492 1066 585 1136 lavi²
610 1064 767 1136 mortales
790 1064 923 1153 solent,

204 1195 248 1262 Et
268 1217 331 1286 pro
347 1191 477 1283 judicio
497 1190 577 1259 dum
596 1204 687 1260 stant
705 1190 829 1260 erroris
850 1189 925 1276 sui,

203 1317 256 1387 Ad
275 1311 532 1411 paenitendum³
557 1316 657 1384 rebus
681 1314 867 1384 manifestis
892 1315 958 1409 agi.

251 1443 414 1510 Facturus
434 1438 532 1509 ludos
552 1438 690 1534 quidam
712 1439 804 1508 dives
823 1435 995 1524 nohilist‚

206 1563 381 1657 Proposito
399 1577 538 1632 cunctos
565 1562 721 1632 invitavit
743 1563 902 1656 praemio,

205 1687 317 1774 Quam
338 1686 480 1779 quisque
501 1673 632 1782 possit⁵
658 1701 697 1756 ut
717 1687 905 1755 novitatem
926 1682 1127 1754 ostenderet.

205 1811 337 1876 Venere
357 1807 502 1878 artifices
524 1807 632 1878 laudis
652 1807 694 1877 ad
720 1807 918 1878 certamina.

205 1931 300 2020 Quos
317 1931 405 1999 inter
422 1933 567 2017 Scurra,
588 1946 690 2002 notus
708 1932 839 2001 urbano
860 1929 948 2018 sale,

203 2052 337 2121 Habere
356 2052 442 2122 dixit
465 2078 501 2122 se
525 2078 632 2150 genus
655 2053 835 2149 spectaculi

203 2175 306 2266 Quod
328 2177 364 2245 in
387 2176 519 2246 theatro
537 2202 726 2274 numquam
745 2177 916 2273 prolatum
934 2177 1032 2247 foret.

204 2299 385 2392 Dispersus
403 2324 519 2369 rumor
538 2276 706 2370 ciuitatem
729 2301 886 2370 concitat.
987 2367 990 2374 .

252 2420 360 2491 Paulo
379 2436 458 2490 ante
477 2417 645 2491 vacuam⁶
668 2422 803 2491 turbam
824 2421 987 2491 deficiunt
1007 2420 1091 2490 loca.

205 2548 245 2613 In
266 2569 364 2614 scena
385 2569 465 2614 vero
484 2557 662 2639 postquam
684 2543 774 2614 solus
795 2544 967 2632 constitit,'

204 2669 285 2738 Sine
308 2682 496 2762 apparatu,
522 2666 623 2736 nullis
649 2667 883 2762 adjutoribus,

204 2790 382 2861 Silentium
412 2793 483 2885 ipsa
512 2790 591 2860 lecit
617 2791 817 2886 expectatio.

203 2915 265 2986 Ille
287 2917 322 2984 in
345 2917 455 2985 sinum
477 2932 614 3011 repente
636 2916 788 2986 dimisit7
814 2931 934 3011 caput,

205 3041 247 3106 Et
267 3038 314 3108 sic
336 3037 475 3133 porcelli
495 3064 612 3109 vocem
631 3054 682 3110 est
705 3041 855 3110 imitatus
872 3065 951 3126 sua,

204 3167 335 3232 Verum
355 3177 393 3229 ut
413 3159 569 3230 subesse*
590 3162 692 3255 pallio
713 3163 931 3234 contenderet
940 3155 969 3247 ⁸,
1141 3151 1200 3223 *⁵7

205 3287 248 3352 Et
267 3283 381 3353 excuti
398 3283 568 3376 juberent.
594 3285 673 3371 Quo
697 3285 808 3371 facto,
833 3283 932 3354 simul

240 3527 262 3559 r.
282 3508 413 3559 Editoros:
432 3512 521 3557 Scurra
539 3517 563 3557 et
578 3505 694 3558 ducturo.
708 3537 742 3547 -
754 3526 778 3559 a.
795 3509 852 3572 Sic,
870 3508 985 3578 prolabi.

238 3604 262 3651 3.
276 3600 332 3659 Sic,
349 3617 393 3668 pro
403 3597 574 3669 paenitendum
587 3629 621 3638 -
632 3610 656 3658 t.
667 3601 705 3651 Cl.
718 3599 833 3652 Schwabe
850 3602 937 3654 oCod.
958 3606 1011 3653 Per.
1023 3599 1088 3654 dives
1104 3599 1200 3670 quidam

205 3704 229 3743 ee
244 3691 337 3744 nobilis.

239 3787 263 3836 5.
276 3789 342 3836 Beue
359 3784 480 3847 Pithoeus,
493 3796 581 3853 posset.
593 3814 627 3824 -
640 3788 664 3836 6.
682 3784 788 3838 Pithoeus
800 3795 880 3846 recte,
897 3801 984 3836 omna.
1006 3797 1011 3808 ·

240 3897 263 3939 7.
280 3877 446 3944 Cum—Pithoeo
465 3877 569 3928 editores
585 3877 709 3945 plerique,
723 3875 822 3928 demisit.

240 3972 264 4018 8.
282 3969 337 4028 Sic,
358 3985 402 4035 pro
415 3965 589 4019 concrederent.
