3140 5212
344 627 406 696 162
459 651 602 700 PHAEDRI
622 650 841 696 FABULARUM
860 650 929 696 LlB.
948 648 1007 709 111,
1023 649 1216 696 PROLOGUS.

450 834 723 902 PHAEDRUS
761 835 830 902 AD
870 834 1215 905 EUTYCHUM¹.

339 1040 487 1106 Pramum
509 1032 638 1104 libellos
662 1033 772 1128 legere
801 1034 827 1100 si
853 1032 1043 1116 desideras,

338 1163 446 1228 Vaces
467 1172 624 1254 oportet,
646 1157 819 1251 Eutyche,
842 1181 861 1224 a
880 1157 1048 1250 negotiis,

337 1286 386 1354 Ut
413 1282 497 1351 liber
517 1282 650 1352 animus
674 1282 794 1349 sentiat
811 1282 877 1348 vim
899 1280 1066 1348 carminis.

337 1411 485 1492 Verum,
505 1406 663 1500 inquit²,
683 1405 766 1472 tanti
785 1428 853 1471 non
874 1417 923 1472 est
944 1404 1118 1498 ingenium
1142 1418 1260 1483 tuum,

339 1533 551 1599 Momentum
569 1543 608 1597 ut
631 1529 721 1596 horae
741 1541 856 1621 pereat
878 1525 981 1596 officii
1003 1518 1109 1595 mei3.

341 1655 419 1724 Non
439 1677 519 1746 ergo
535 1648 667 1720 causae⁴i
685 1650 840 1719 manibus
859 1649 894 1717 id
911 1651 1004 1744 tangi
1023 1650 1089 1719 tuis

342 1776 444 1867 Quod
460 1777 630 1868 occupatis
650 1775 786 1844 auribus
811 1799 879 1842 non
899 1774 1066 1843 convenit.

341 1903 493 1968 Fortasse
518 1896 629 1966 dices:
655 1894 784 1991 Aliquae
802 1897 937 1966 venient
957 1896 1065 1982 feriae,

341 2027 426 2112 Quae
446 2046 499 2090 me
518 2008 632 2090 solit0⁵
652 2034 787 2115 pectore
802 2020 845 2089 ad
867 2020 1017 2090 studium
1031 2034 1161 2090 vocent.

341 2151 510 2242 Legesne,
534 2139 687 2238 queso⁶,
709 2146 820 2239 potius
838 2145 919 2215 viles
940 2146 1099 2228 venias7‚

341 2268 519 2363 Impendas
540 2293 655 2338 curam
676 2293 777 2362 quam
801 2269 849 2337 rei
871 2257 1090 2352 domestice⁸,

341 2393 474 2462 Reddas
496 2393 611 2461 amicis
629 2406 797 2486 tempora,
817 2393 914 2461 uxori
934 2416 1052 2478 vaces,

342 2516 502 2586 Animum
518 2514 661 2600 relaxes,
685 2514 791 2583 otium
814 2513 871 2582 des
887 2517 1040 2608 corpori,

342 2644 391 2710 Ut
410 2638 580 2708 adsuetam
596 2638 716 2708 fortius
737 2646 895 2732 prestes9
919 2635 1054 2706 vicem?

339 2761 543 2832 Mutandum
563 2761 623 2829 tibi
643 2761 853 2855 propositum
876 2775 925 2829 est
945 2775 984 2829 ut
999 2770 1030 2804 ¹⁰
1056 2762 1132 2828 vitae
1153 2784 1283 2853 genus,

341 2889 471 2954 Intrare
488 2887 514 2953 si
534 2888 709 2954 Musarum
731 2881 832 2952 limen
854 2885 993 2980 cogitas,

342 3012 415 3102 Ego
442 3017 540 3102 qu‘em
568 3007 681 3076 Pien’o
707 3022 813 3076 mater
842 3009 939 3076 enixa
969 3023 1017 3076 est
1040 3009 1123 3102 jugo

378 3262 399 3293 1.
416 3243 541 3294 Editores:
555 3241 652 3292 Pdoedri
664 3245 770 3312 Augusti
780 3242 857 3294 liberti
862 3243 1003 3309 fabularum
1013 3245 1164 3312 AEsopiarum
1175 3242 1234 3293 liber
1243 3246 1336 3295 tertius.

343 3335 461 3403 Prologus
473 3335 508 3384 ad
519 3334 660 3404 Eutychum.
672 3335 766 3387 Titulus
776 3346 804 3386 ut
815 3336 902 3403 legitur
913 3338 939 3388 in
950 3337 1012 3388 Cod.
1033 3337 1058 3387 si
1072 3337 1170 3418 quidem
1183 3346 1218 3387 est
1237 3337 1267 3387 ab
1281 3337 1335 3403 ipso

341 3441 438 3481 auctore
450 3430 587 3497 protectus,
607 3428 698 3480 dirimit
711 3430 894 3480 controversiam
909 3430 939 3480 de
951 3430 1048 3480 nomine
1058 3429 1166 3490 rhodii,
1186 3447 1240 3480 casu
1252 3427 1335 3478 uomi-

341 3524 435 3583 nutivo,
446 3540 499 3573 eum
512 3532 536 3572 et
551 3523 591 3574 hic
602 3531 626 3572 et
639 3521 697 3573 alibi
707 3521 824 3572 Pkoedrus
835 3531 1000 3590 nuncupetur,
1014 3539 1062 3572 non
1077 3521 1186 3572 Phaeder.

376 3635 399 3667 2.
415 3621 490 3666 Recte
510 3616 629 3675 Pithoeus,
642 3616 727 3684 inquis.

353 3757 363 3774 ,
376 3714 397 3758 3.
415 3708 546 3768 Heinsius,
561 3707 644 3772 officiis
654 3708 720 3767 meis,
738 3707 803 3774 quod
817 3709 908 3776 recepit
918 3707 1067 3768 Schwabius,
1082 3708 1119 3758 vir
1138 3707 1294 3759 doctissimus.

375 3813 397 3858 4.
415 3801 513 3866 Optime
526 3800 650 3860 Pithoeus,
668 3817 740 3849 coroa
752 3811 792 3849 est.
811 3829 843 3837 -
863 3802 886 3849 5.
900 3799 962 3850 Pith.
975 3799 1055 3859 bene,
1072 3798 1155 3849 soluto.

375 3895 399 3939 6.
416 3892 462 3941 Sic.
475 3920 506 3928 -
522 3910 544 3952 7.
560 3895 635 3940 Recte
650 3891 767 3954 Pithoeus,
782 3891 870 3940 uenias.
887 3921 920 3930 -
940 3894 962 3942 8.
980 3893 1025 3942 Sic.
1045 3919 1077 3930 -
1090 3909 1115 3956 9.
1132 3892 1178 3944 sic.

379 3993 415 4027 ιο.
433 3975 518 4024 Melius
532 3974 636 4024 Pithoeus
667 3985 695 4024 at.
