3140 5212
456 661 663 710 venturis
690 665 933 714 nncrrours.
1115 649 1180 723 103

390 2235 505 2308 Capeliae
518 2248 545 2291 et
560 2236 628 2289 hirci

390 2326 529 2387 coeperunt

390 2392 560 2447 fortitudinis

270 2657 334 2712 XIV
395 2656 569 2710 Gubernator
582 2669 609 2711 et
621 2643 708 2712 naute

390 2735 549 2830 consolandi

387 2833 450 2870 navi

388 2895 511 2967 periculo

388 3055 452 3126 quia

334 3173 340 3188 t
388 3135 503 3188 miscent

391 3215 496 3267 Canum
509 3213 587 3284 legati
603 3214 637 3268 ad
650 3217 743 3269 Jovem

388 3292 544 3365 abriperent

386 3372 550 3426 Furfuribus

388 3467 563 3522 conspersum

388 3529 484 3584 durent

802 810 876 856 cette
878 801 929 872 fin
942 809 1028 868 dune
1030 812 1116 882 suble
1125 820 1182 873 sui·

803 895 893 939 vante
906 889 914 914 ¹
927 924 938 951 ,

829 962 1184 1054 *Postquumlavurescoepit

802 1045 990 1116 poeniteutiua
1008 1051 1117 1108 fictione
1131 1074 1180 1111 re-

802 1125 867 1177 retri
876 1125 995 1198 linguam
1005 1132 1127 1190 mulieris
1137 1134 1182 1188 ad·

803 1201 934 1260 finitatem
949 1211 1032 1264 traxit
1052 1212 1116 1267 inde
1130 1215 1179 1269 ob·

802 1284 932 1342 scenitas.

842 1365 856 1390 *
868 1363 963 1436 Aprds
976 1379 1121 1442 postquam
1137 1372 1163 1426 ia

801 1459 864 1496 rure
874 1441 955 1511 ,j'ai
969 1446 1024 1501 tire
1036 1468 1093 1504 une
1104 1450 1182 1525 lifflre

796 1523 1182 1596 perpendiculairenlledd·

801 1599 978 1676 signe'dafiu
1001 1605 1037 1662 de
1057 1610 1088 1662 la
1095 1629 1181 1685 page

804 1680 840 1735 ozi
854 1693 897 1737 est
910 1684 939 1736 la
946 1681 1046 1757 suble,
1063 1691 1121 1744 leo
1134 1708 1181 1744 re-

804 1780 908 1833 gnans:
929 1766 1011 1837 coepit
1024 1768 1182 1841 poenitcntia

804 1861 963 1899 commence
977 1847 1078 1904 l'autre
1087 1847 1181 1916 feuil-

804 1926 853 1980 let.

845 2007 893 2060 Ici
903 2025 935 2061 se
953 2019 1046 2064 trouve
1061 2014 1092 2066 la
1098 2010 1182 2085 suble

803 2088 918 2156 Rogavit
935 2087 1002 2143 aiter
1024 2092 1140 2149 trivudus
1155 2107 1182 2149 et

805 2166 901 2219 molles
917 2184 1032 2224 mares...

805 2248 845 2298 De
859 2248 963 2316 capreis
983 2247 1102 2305 barbatis

805 2336 948 2395 coeperunt

805 2402 974 2458 fortitudine.
988 2408 1018 2460 11
1020 2409 1125 2480 paruit
1131 2429 1183 2484 que

806 2481 969 2537 fortitudine
990 2496 1034 2540 est
1057 2487 1095 2541 ici
1103 2507 1184 2562 pour

806 2560 972 2618 fortitudini.

803 2657 844 2708 De
855 2655 973 2716 fortunis
985 2657 1127 2714 hominum

802 2735 963 2790 cousuluudi

802 2815 876 2869 navis

802 2896 991 2966 periculosis.
1016 2899 1047 2950 Il
1059 2915 1082 2967 y
1098 2915 1118 2951 a
1141 2917 1179 2954 uu

845 2975 914 3030 truit
922 2993 972 3030 sur
984 2976 1027 3030 sis.

801 3135 896 3188 miscet

800 3215 886 3268 Canes
906 3215 1006 3286 legatos
1024 3215 1058 3269 ad
1072 3219 1176 3272 Jovem.

800 3292 937 3365 abriperet

800 3372 963 3427 Furfuribus

801 3438 977 3523 consparsum

801 3529 878 3584 daret

223 3731 245 3762 1.
260 3717 351 3773 Recte,
366 3721 393 3762 ut
405 3712 474 3763 nobis
487 3713 586 3780 quidem
601 3714 710 3772 videtur,
735 3715 877 3766 Vincentius
893 3731 975 3766 versus
990 3716 1044 3766 illus
1063 3715 1175 3784 opinetur

187 3793 314 3846 clausulam
328 3793 389 3843 clius
405 3792 525 3858 cujusdam
543 3792 629 3844 tabule
641 3794 779 3862 deperditis.
793 3797 844 3846 Nec
858 3794 906 3844 scic
919 3810 994 3861 quare
1013 3794 1175 3846 Desbillcnius

187 3873 275 3940 aliique
288 3872 513 3923 transferendorum
530 3872 638 3940 putarint
659 3875 685 3924 in
705 3874 810 3925 fabulum
827 3878 873 3924 Leo
889 3891 1007 3942 regnans,
1025 3883 1078 3942 post
1092 3873 1175 3938 verba,

187 3970 248 4005 vers.
259 3957 282 4004 8:
294 3950 544 4016 Reddebatfide.Vide
553 3954 663 4004 eumdem
672 3954 751 4005 locum
762 3954 788 4004 in
796 3955 841 4005 huc
849 3965 929 4007 nostru
937 3955 1058 4016 editione,
1070 3956 1175 4025 itemque

187 4032 218 4083 ad
226 4032 313 4083 enicem
324 4032 418 4100 operis,
432 4031 474 4082 ubi
491 4032 614 4100 scripture
626 4031 686 4084 Ccd.
699 4032 882 4084 Rusenbnuicni
894 4034 1015 4102 specimen
1028 4034 1144 4088 dedimus.

987 4153 1006 4222 7
