3140 5212
367 627 433 716 154
514 655 656 700 annoni
681 655 897 704 sanunaaunt
915 657 982 702 nin.
1006 659 1052 717 n,
1075 659 1149 706 ano.
1172 633 1204 708 5.

455 889 586 954 ΙΤΕΜ
612 887 801 956 CESAR¹
833 891 901 956 AD
931 891 1253 962 ATRIENSEM.

358 1090 426 1156 Esu
447 1085 682 1156 ardalionum²
703 1084 855 1179 quaedam
873 1090 989 1156 Romae
1012 1090 1105 1158 natio

358 1210 499 1304 Trepide
517 1234 739 1294 coneus-sans,
763 1224 926 1304 occupata
945 1208 1083 1290 notio3,

359 1334 472 1404 Gratis
490 1333 670 1418 anhelans,
689 1331 795 1400 multa
814 1332 946 1426 agendo
964 1332 1050 1402 nihil
1071 1359 1191 1428 agens,

359 1459 429 1527 Sibi
448 1455 588 1526 molesta
609 1470 643 1522 et
659 1453 732 1525 aliis
750 1455 958 1524 odiosissime
974 1483 981 1524 :

356 1585 452 1650 Hanc
469 1578 666 1665 emendare,
687 1578 845 1648 sitamen
864 1603 1019 1672 possum,
1040 1578 1116 1648 volo

356 1709 445 1773 Vera
464 1701 609 1772 fabella:
637 1702 786 1796 pretium
808 1716 858 1771 est
876 1706 1000 1795 operei
1020 1703 1201 1772 attenderes

403 1829 515 1896 Caesar
535 1827 689 1894 Tiberius
707 1851 785 1895 cnm
803 1841 919 1919 petens
938 1827 1116 1920 Neapolim

353 1937 656 2018 Imtnisiniensena⁵
678 1945 790 2016 villani
815 1949 960 2018 venisset
981 1975 1075 2018 suam

354 2073 438 2161 Quae
455 2086 568 2139 monte
585 2095 715 2139 summo
735 2070 843 2163 posita
863 2086 913 2139 est
933 2067 1080 2140 Lucilii6
1103 2098 1222 2160 manu,

353 2201 549 2289 Prospectat
568 2193 710 2264 siculum
727 2210 760 2262 et
783 2196 970 2288 prospicit?
988 2200 1134 2266 Tuscum
1155 2223 1246 2266 mare

351 2323 403 2389 Ex
424 2319 601 2388 alticinctis
619 2342 707 2385 unus
729 2317 952 2404 atriensibus‚

353 2444 418 2512 Cui
435 2443 549 2512 tunica
569 2440 611 2509 ab
633 2429 785 2509 umeris⁸
803 2437 907 2508 iinteo
925 2440 1057 2509 Pelusio
1128 2497 1132 2506 .

353 2573 433 2637 Erat
450 2567 624 2649 destricta,
647 2566 742 2635 cirris
765 2561 1051 2660 dependentibuS‚

349 2691 605 2762 Perambulante
624 2688 697 2759 laeta
719 2689 868 2756 Doinino
887 2687 1055 2757 viridiaria
1071 2698 1105 2776 9,

388 2898 409 2930 1.
425 2881 480 2939 Sic,
500 2896 545 2947 pro
560 2879 648 2928 Coesar.
664 2881 740 2926 Recte
751 2877 857 2928 Pithoeus
870 2878 950 2929 omisit
963 2880 1030 2936 item,
1048 2896 1102 2929 eum
1117 2881 1181 2930 nulia
1201 2897 1231 2931 ex
1250 2899 1339 2948 prteoe·

352 2971 463 3022 dentibus
476 2970 562 3021 fabulis
574 2970 667 3019 dictum
679 2967 778 3019 cesaris
795 2979 919 3019 memoret.

384 3082 407 3113 a.
424 3061 560 3113 Sohwsbius
572 3077 626 3112 cum
638 3058 745 3120 Pithon,
762 3058 915 3110 ardalionum.
929 3062 1054 3111 Salmasius
1066 3060 1215 3112 ardenam
1235 3073 1323 3114 tuetur,

385 3160 409 3206 3.
426 3155 483 3216 Sic,
499 3170 543 3222 pro
557 3153 582 3202 in
594 3153 649 3202 otio.

384 3253 406 3301 i.
422 3250 477 3311 Sic,
495 3265 539 3315 pro
550 3265 634 3316 operoe.

386 3346 408 3392 5.
425 3342 477 3400 Sic,
495 3357 539 3408 pro
552 3340 576 3388 in
589 3340 765 3388 uuintoniam:
785 3355 838 3405 quae
850 3339 922 3389 lectio
933 3355 947 3389 a
960 3340 1026 3389 nuilo
1041 3355 1125 3390 eorum
1138 3349 1283 3392 memoratur
1295 3345 1336 3408 qui

350 3435 416 3484 hunc
427 3434 533 3484 codicem
546 3433 665 3498 selegisse
679 3431 875 3498 praedicaverunt.
888 3435 917 3480 ln
930 3440 1011 3481 nostro
1024 3447 1075 3482 esse
1088 3441 1224 3483 asseverant
1234 3432 1336 3492 Gudius,

351 3529 375 3576 iu
392 3527 566 3584 anianensem
583 3524 727 3584 Neveletns‚
743 3524 768 3572 in
775 3523 914 3582 Modicum
924 3524 1051 3585 Heinsius,
1064 3525 1089 3573 iu
1103 3525 1229 3575 Misenensi
1233 3543 1241 3586 ;
1257 3542 1337 3576 omues

351 3619 415 3668 iaiso.
431 3621 484 3668 uec
501 3617 548 3667 ulia
563 3624 599 3665 est
614 3615 661 3665 hoe
680 3615 706 3664 in
726 3616 779 3665 ioco
799 3616 934 3665 retractatio
947 3615 1078 3683 scripture.
1102 3617 1138 3668 Ci.
1157 3616 1273 3669 Schwabe
1286 3627 1337 3683 post

352 3710 488 3768 Pithnuni,
504 3709 529 3757 in
546 3709 709 3758 Misenensem.

383 3805 407 3851 6.
423 3805 498 3850 Recte
510 3800 628 3860 editores,
642 3816 673 3850 ex
688 3800 774 3850 Pithoei
791 3800 977 3850 emendatione:
992 3801 1070 3868 posita
1089 3800 1187 3850 Luculli.

385 3911 408 3954 7.
425 3893 547 3942 Bentleius
559 3892 638 3953 bene,
658 3891 761 3960 despicit.
778 3920 811 3929 —
829 3896 852 3941 8.
869 3893 915 3942 Sic.

383 4005 407 4051 9.
424 3990 498 4035 Recte
520 3984 650 4044 Heinsius,
665 3983 760 4034 oiridisz.
