3144 5218
407 648 473 720 188
548 671 689 718 annom
717 671 943 718 raennannnr·
961 673 1027 718 nm.
1046 671 1106 732 nr,
1126 671 1203 718 ran.
1227 673 1278 743 ¹7·

469 904 713 972 ARBORES
748 906 803 975 IN
832 905 1064 974 DEORUM
1091 905 1325 974 TUTELA¹

405 1110 505 1177 Onmr
532 1131 615 1200 quas
637 1106 760 1176 vellent
779 1131 850 1176 esse
870 1107 904 1174 in
928 1105 1032 1175 tutela
1052 1129 1111 1174 sua

401 1231 479 1301 Divi
500 1228 654 1325 legerunt
670 1232 816 1300 arbores.
838 1232 994 1321 Quercus
1012 1230 1113 1314 lovi,

402 1356 445 1423 Et
473 1364 623 1446 myrtos²
649 1357 774 1425 Veneri
796 1353 943 1449 placuit,
966 1345 1096 1424 Poeb0³
1118 1350 1249 1436 laurea,

402 1477 506 1546 Pinus
519 1475 685 1565 Cibebel‚
698 1481 860 1572 Neptuno
871 1467 905 1562 ⁵,
925 1475 1075 1572 Populus
1092 1475 1180 1546 celsa
1200 1475 1348 1547 Herculi.

402 1599 555 1669 Minerva
573 1602 773 1686 ammirans,
790 1598 918 1694 lquare
936 1599 1062 1669 steriles
1078 1614 1249 1668 sumerent
1346 1597 1391 1651 *⁴⁴

400 1725 636 1817 Interrogavit.
657 1728 800 1794 Causam
824 1723 910 1792 dixit
930 1724 1108 1817 Juppiter:

400 1848 538 1913 Honore
561 1842 737 1914 fructum⁶
767 1871 810 1914 ne
835 1846 1008 1915 videamur
1026 1845 1181 1913 vendere.

403 1970 449 2036 At
463 1965 675 2037 mehercule?
702 1959 872 2038 narravit8
894 1969 986 2063 quod
1004 1969 1080 2062 quis
1096 1967 1258 2052 voluerit,

402 2090 503 2160 Oliva
522 2091 620 2162 nobis
642 2107 780 2186 propter
800 2091 957 2162 fractast
982 2106 1031 2160 est
1056 2093 1233 2186 gratior¹⁰.

420 2397 422 2402 .
440 2386 462 2418 1.
479 2373 537 2418 Haec
548 2367 645 2427 labella,
662 2382 735 2432 quam
747 2371 857 2417 Perottus
869 2367 894 2416 in
907 2366 1064 2432 Cornucopia
1076 2364 1121 2414 sibi
1132 2363 1255 2424 attribuit,
1269 2363 1391 2430 impulerat

404 2460 552 2519 christiam,
564 2449 692 2525 antequam
705 2459 788 2510 Codex
802 2457 937 2508 fabularum
955 2457 1043 2507 Perotti
1058 2465 1118 2506 esset
1132 2465 1256 2522 repertus,
1272 2455 1304 2504 ad
1321 2454 1391 2520 suspi-
1449 2479 1454 2490 .

403 2553 502 2603 eandam
514 2551 608 2602 Phaedri
627 2551 802 2617 antiquitatem.
823 2553 860 2600 De
878 2566 927 2616 qno
941 2565 1037 2608 errore,
1059 2547 1163 2614 primum
1175 2547 1319 2613 antiquitate
1336 2545 1391 2596 Cod.

404 2646 555 2696 Divionensis
573 2661 587 2694 a
606 2644 729 2694 Sohwahio
746 2645 817 2702 editi,
837 2643 925 2692 deinde
943 2641 1121 2692 nosanboniani
1136 2657 1207 2706 quem
1226 2640 1301 2690 hodie
1317 2641 1391 2703 miga-

404 2755 471 2798 mus,
490 2738 585 2804 penitus
600 2737 718 2798 refutato,
736 2736 791 2786 vide
814 2737 904 2803 praelat.
916 2745 1002 2785 nostrae
1021 2752 1074 2800 rap.
1087 2751 1134 2793 ιιι,
1157 2749 1210 2800 pag.
1225 2737 1389 2801 15,aap.1x‚

402 2846 457 2896 pag.
471 2839 518 2889 443
535 2830 608 2896 Epist.
624 2828 655 2878 ad
668 2827 831 2878 Marehionem
845 2828 876 2877 de
890 2826 1018 2888 Rosanbo‚
1032 2843 1084 2894 pag.
1098 2828 1138 2875 51.

437 2957 461 2989 a.
479 2939 527 2989 sio.
540 2967 573 2976 -
589 2940 611 2988 ³.
627 2938 678 2998 ste,
697 2955 741 3003 pro
754 2935 850 2986 Plzoebo.

435 3052 460 3101 t.
479 3042 531 3104 Sic,
546 3059 589 3109 pro
604 3040 722 3109 Cybebae,
739 3052 780 3091 aut
796 3040 900 3109 Cybele,
919 3051 947 3091 ut
959 3040 1074 3091 Pithoeus.
1086 3039 1193 3090 Priorem
1213 3039 1339 3088 lectionem
1353 3035 1389 3086 ad·

403 3136 478 3185 mittit
491 3135 526 3186 Cl.
539 3134 662 3197 Schwabe.

438 3248 460 3296 5.
476 3245 582 3295 Pithoeus
593 3246 656 3295 hano
669 3261 751 3295 vooern
765 3254 829 3295 reete
841 3244 935 3304 omisit,
952 3243 982 3293 de
991 3259 1038 3309 qua
1050 3243 1109 3292 nulli
1119 3241 1265 3291 mentionem
1275 3241 1389 3297 leserunt,

402 3354 458 3388 oum
470 3346 550 3387 tamen
567 3336 676 3388 lectionis
688 3336 844 3397 Mottiana,
862 3337 936 3385 Pinus
946 3337 1057 3404 Neptuno
1067 3369 1075 3394 ,
1090 3335 1144 3384 lons
1155 3350 1205 3384 esse
1217 3332 1309 3384 debuit.

434 3449 459 3499 6.
475 3445 613 3499 Schwabius
627 3464 658 3498 ex
671 3446 732 3498 Cod.
746 3450 798 3496 Per.
816 3449 935 3495 Honorem
942 3443 1033 3509 fructu.

436 3570 459 3612 7.
476 3556 536 3602 Item
553 3569 581 3601 ex
595 3551 654 3603 Cod.
673 3555 724 3601 Per.
742 3550 779 3601 Cl.
793 3549 928 3610 Schwabe,
945 3567 980 3598 me
991 3547 1112 3598 Hercules.

434 3659 457 3706 a.
474 3658 527 3716 sio,
548 3674 591 3724 pro
605 3655 718 3708 narrabit.

435 3775 459 3822 9.
477 3758 600 3820 aditores,
611 3757 724 3822 fructum.

435 3885 471 3917 ro.
490 3872 579 3919 Versus
591 3869 697 3920 laudatus
708 3887 721 3920 a
733 3873 828 3920 Perotto
838 3869 864 3918 in
881 3867 1053 3934 Comuoopioe,
1071 3882 1113 3917 seu
1128 3866 1214 3930 linguae
1226 3864 1305 3915 latinae
1317 3867 1385 3916 Com·

402 3959 524 4010 monterio.
