3144 5218
379 627 449 708 ²14
522 641 664 692 ennom
683 641 902 690 ranunannu
921 639 984 688 mn.
1002 639 1056 704 rr,
1072 639 1150 686 ran.
1172 613 1225 684 18.

481 878 652 949 CANES
685 875 948 946 LEGATOS¹
980 875 1050 943 AD
1078 873 1267 942 JOVEM.

378 1083 496 1150 circs
517 1077 643 1172 legatos
665 1074 745 1145 olim
767 1076 886 1144 misere
907 1074 950 1144 ad
969 1077 1109 1160 lovem,

376 1201 527 1272 Melioris
547 1201 623 1270 vitae
642 1214 774 1293 tempus
792 1211 924 1267 oratum
947 1206 1029 1268 sue²

377 1327 438 1398 Uti
455 1350 522 1394 sese
540 1319 732 1418 abriperet³
749 1322 923 1391 hominum
946 1319 1176 1408 contumeliis,

376 1452 403 1519 F
405 1449 598 1519 urforibus⁴
621 1445 684 1516 sibi
702 1434 944 1541 consparsum⁵
961 1444 1053 1539 quod
1071 1469 1191 1539 panem
1206 1439 1329 1512 daret⁶

376 1575 538 1678 Fiuioque
560 1582 651 1677 turpi
674 1551 852 1653 mairimam
875 1580 1048 1676 explerent
1068 1579 1199 1648 famem.
1303 1575 1318 1606 ⁴¹
1331 1587 1365 1639 7²

377 1706 519 1776 Profecti
540 1720 618 1776 sunt
636 1705 736 1801 legati
757 1731 826 1774 non
845 1703 944 1774 celeri
969 1703 1075 1798 pede,

377 1830 469 1898 Dum
487 1829 626 1898 naribus
641 1843 834 1898 scrutantur
850 1851 959 1897 escam
982 1828 1017 1895 in
1039 1841 1192 1896 stercore.

378 1951 480 2019 Citati
502 1976 571 2019 non
590 1951 802 2045 respondent.
819 1952 886 2021 Vix
904 1950 1039 2022 tandem
1058 1949 1184 2018 invenit

377 2077 444 2142 Eos
466 2074 675 2153 Mercurius,
694 2089 727 2143 et
747 2074 898 2143 turbatos
916 2073 1074 2144 adtrahit.

377 2198 464 2264 Turn
486 2221 564 2265 vero
583 2194 714 2265 vultum
732 2197 846 2292 magni
869 2212 908 2267 ut
929 2195 1087 2266 viderunt
1105 2195 1196 2264 Jovis
1207 2248 1217 2279 ,

377 2322 498 2390 Totam
518 2320 673 2390 timentes
695 2335 920 2390 concacarunt
939 2320 1074 2415 regiam.

378 2443 531 2538 Propulsi
551 2469 630 2514 vero
652 2444 795 2514 fustibus
814 2443 941 2514 vadunt
959 2443 1057 2513 foras.

377 2572 479 2638 Vetat
498 2567 622 2637 dimitti
643 2594 784 2664 magnus
804 2567 878 2638 ilios
895 2568 1060 2663 Juppitcr.

376 2690 523 2760 Mirari?
546 2689 609 2760 sibi
627 2688 753 2785 legatos
771 2716 840 2759 non
857 2691 1015 2760 revertier
1026 2681 1064 2774 ⁸,

375 2816 489 2908 Turpe
504 2813 703 2882 aestimantes
720 2812 877 2908 aliquod⁹
893 2814 1091 2884 commisum
1107 2822 1139 2858 ¹⁰
1155 2839 1175 2882 a
1194 2813 1272 2882 suis.

377 2938 456 3005 Post
471 2933 607 3029 aliquod
624 2949 754 3029 tempus
773 2933 855 3006 alios
870 2936 1013 3008 adscribi
1031 2937 1160 3030 jubent.

412 3203 433 3235 1.
445 3186 500 3248 su,
518 3173 564 3255 μω·
577 3187 657 3256 agar.
671 3189 778 3240 rasum
793 3206 847 3242 cum
861 3191 952 3242 nuno
966 3209 972 3241 :
987 3191 1077 3241 canu„
1090 3189 1169 3258 ogas.

409 3293 432 3328 a.
448 3278 488 3328 Sic
499 3315 507 3338 ,
527 3295 572 3347 pro
589 3298 646 3331 suoe.

409 3373 433 3443 ὅτ
449 3371 559 3434 Gudius,
578 3375 690 3444 eriperem
708 3375 773 3441 quod
788 3376 880 3442 recepit
895 3375 1011 3426 Schwabe
1027 3381 1059 3426 V.
1071 3376 1107 3426 Cl.

407 3480 431 3528 4.
449 3470 495 3516 Pro
507 3465 654 3531 Furfuribm.
669 3497 702 3507 -
717 3471 740 3519 5.
752 3469 806 3528 Sic,
825 3485 871 3537 pro
883 3485 1038 3537 conspersam.

406 3565 431 3610 6.
444 3561 500 3622 Sic,
519 3577 564 3628 pro
577 3558 669 3610 danne.

409 3683 432 3727 7.
451 3663 555 3714 Pithoeus
567 3701 574 3726 ‚
587 3665 673 3715 Mirati
679 3685 691 3724 ,-
704 3665 768 3731 quod
779 3665 855 3716 secuti
865 3673 920 3716 sunt
935 3680 1034 3724 omnes,
1053 3674 1080 3714 ut
1093 3664 1233 3732 snipturam
1249 3664 1360 3716 Codicis:

375 3757 595 3823 capulationem,
610 3757 707 3823 merarij,
727 3755 855 3806 defendere
866 3756 964 3807 fortasse
982 3756 1065 3822 possis.

407 3864 430 3914 8.
448 3866 532 3912 Postea
541 3861 652 3914 librarius
665 3862 781 3931 expunxit
793 3879 828 3922 er,
847 3862 931 3914 forme
943 3861 1010 3912 istius
1017 3862 1116 3929 poetice
1129 3862 1226 3912 somne
1236 3861 1332 3912 inscius.

407 3975 431 4022 9.
443 3957 496 4018 sic,
514 3974 559 4025 pm
575 3957 672 4027 aliquid.
689 3987 723 3998 -
743 3976 781 4008 ro.
792 3963 839 4009 Pro
854 3958 1005 4008 commissam,
