3140 5212
353 593 418 666 152
493 617 633 664 numum
654 617 873 668 ennianum
892 622 959 670 usn.
982 624 1034 688 u,
1058 627 1134 674 ran.
1152 609 1189 688 4.

485 853 715 942 loures,
739 853 903 924 rusus
926 857 1011 928 ur¹
1042 860 1190 930 arun.

345 1057 485 1137 Aonius
508 1053 543 1120 in
561 1051 697 1121 sublimi
719 1075 847 1147 quercu
867 1052 986 1124 nidum
1002 1053 1134 1129 lecerat.

344 1175 438 1247 Feles
457 1197 634 1243 cavernam
652 1183 801 1244 nancta²
825 1176 860 1244 in
879 1178 990 1248 media
1015 1199 1211 1278 pepererat:

343 1304 407 1370 Sus
425 1299 572 1368 nemoris
588 1289 734 1367 cultrix³
757 1295 862 1368 fetum
880 1301 924 1369 ad
943 1303 1043 1372 imam
1068 1323 1234 1400 posuerat.

342 1423 447 1493 *Tum
470 1420 648 1490 fortuitum
672 1419 765 1491 Feles
786 1423 1046 1494 contubernium
1275 1429 1333 1474 *²²

341 1544 472 1614 Fraude
489 1559 522 1612 et
544 1541 681 1613 scelesta
699 1543 746 1613 sie
766 1545 885 1614 evertit
901 1546 1039 1617 malitia.

339 1669 395 1740 Ad
416 1668 534 1736 nidum
556 1662 687 1737 scandit
706 1666 876 1737 volucris:
900 1671 1086 1758 Pernicies,
1105 1673 1170 1760 ait,

339 1792 416 1862 Tibi
440 1805 590 1884 paratur,
610 1790 725 1859 forsan
747 1805 781 1859 et
800 1789 945 1860 miseret
966 1793 1058 1864 mihi.

338 1917 428 1986 Nam
445 1912 561 1982 fodere
578 1927 702 1982 terram
720 1913 812 2006 quod
835 1915 926 1984 vides
947 1908 1093 1986 cotidie⁵

338 2043 471 2132 Aprum
491 2035 706 2122 insidiosum,
725 2062 888 2131 quercum
906 2039 980 2109 vult
997 2059 1162 2128 evertere,

336 2163 386 2230 Ut
404 2174 557 2228 nostrum
579 2159 615 2227 in
633 2156 735 2252 plano
753 2158 850 2228 facile
867 2165 1060 2256 progeniem
1076 2167 1256 2260 opprimat.

336 2287 483 2353 Terrore
502 2275 637 2352 effus0⁶
656 2295 691 2350 et
711 2283 915 2376 perturbatis
940 2287 1091 2357 sensibus

337 2408 492 2502 Diripit7
515 2406 557 2475 ad
581 2403 692 2474 cubile
715 2421 830 2475 setosae
851 2409 937 2478 Suis

335 2538 481 2628 Magno,
499 2533 629 2626 inquit,
652 2532 687 2598 in
705 2522 883 2625 periculo⁸
908 2549 987 2602 sunt
1011 2537 1082 2606 nati
1105 2537 1180 2624 tui;

333 2661 422 2728 Nam
439 2654 537 2726 simul
557 2655 676 2724 exieris
699 2671 833 2749 pastum
851 2682 927 2726 cum
947 2672 1063 2728 tenero
1082 2685 1205 2756 grege,

333 2777 458 2873 Aquila
479 2793 529 2846 est
548 2792 664 2872 parata
684 2803 800 2872 rapere
821 2778 985 2872 porcellos
1005 2783 1080 2851 tibi.

334 2906 436 2970 Hunc
454 2924 588 2994 quoque
610 2900 731 2967 timore
749 2915 927 2994 postquam
946 2903 1125 2998 complevit
1148 2904 1276 2992 locum,

333 3022 460 3096 Dolosa
482 3031 583 3091 toto9
607 3021 760 3091 condidit
777 3049 847 3092 sese
869 3050 971 3111 cav03

333 3146 416 3218 lude
435 3159 574 3239 evagata
593 3157 698 3214 noctu
719 3168 880 3240 suspenso
894 3157 926 3190 ¹⁰
948 3149 1056 3242 pede,

366 3423 388 3454 r.
404 3407 479 3453 Recte
497 3400 561 3451 delet
578 3391 715 3468 Schwabius
733 3411 763 3450 et.
779 3425 813 3442 -ρ
829 3418 853 3451 2.
869 3402 924 3463 Sic,
938 3418 983 3469 pro
994 3413 1075 3454 nacta.

363 3499 387 3546 3.
409 3493 596 3554 llittershusius,
614 3491 816 3554 umentem
842 3510 913 3560 quem
929 3496 1107 3562 conjecturum,
1125 3506 1152 3547 ut
1169 3497 1248 3550 verbis
1267 3509 1321 3552 utar

328 3588 374 3638 viri
385 3586 515 3637 doctissimi
528 3583 656 3646 Schwabe,
670 3585 785 3652 permulti
795 3595 860 3637 recte
873 3596 1024 3655 receperunt.

362 3691 387 3738 4.
402 3680 450 3729 Sic.
466 3707 499 3716 -
517 3680 540 3728 5.
555 3681 602 3727 Pro
615 3676 726 3747 quotidie.
742 3707 777 3716 —
795 3681 820 3728 6.
838 3679 984 3731 Rittershus.
1002 3680 1108 3742 melius,
1125 3680 1213 3746 offuso.

362 3791 388 3834 7.
404 3769 543 3820 Meursius:
561 3765 655 3836 diripis.
669 3769 768 3820 Rectius
783 3769 921 3839 Christopb.
934 3773 1053 3833 Colerus,
1072 3771 1168 3842 derepit.

362 3867 387 3914 8.
406 3867 472 3913 Bene
486 3861 605 3921 editores,
619 3861 719 3930 periclo.
735 3891 768 3901 -
785 3880 809 3927 9.
824 3863 880 3921 sic,
899 3881 944 3931 pro
960 3875 1017 3915 tuto.

364 3971 399 4004 ro.
417 3953 471 4012 Sic,
489 3969 534 4019 pro
547 3967 667 4019 suspenso.
