3144 5218
319 641 459 688 rnuonr
483 641 986 706 rasunannn,n1u.1v,ma.
1008 646 1061 718 ¹7·
1114 621 1185 694 213

342 873 410 942 DE
438 871 708 944 FORTUNIS
738 873 1040 946 HOMINUM1.

197 1076 282 1144 Cunt
304 1072 345 1143 de
363 1019 507 1142 iortunis
532 1071 670 1168 quidam
689 1089 893 1168 quareretur
911 1078 999 1165 suis,

191 1202 338 1292 AEsopus
359 1196 457 1266 finxit
477 1195 703 1266 consulandi²
728 1199 845 1292 gratia.
868 1289 871 1296 Ι

244 1325 373 1391 Vexata
396 1320 490 1390 saevis
510 1320 605 1390 navis
629 1322 906 1416 tempestatibus,

194 1447 288 1513 Inter
305 1458 478 1513 vectorum
497 1441 649 1512 lacrimas
670 1457 704 1514 et
726 1444 844 1514 mortis
859 1459 1008 1532 metum,

195 1568 326 1636 Faciem
348 1566 390 1635 ad
413 1591 565 1636 serenam
587 1567 700 1636 subito
719 1564 895 1638 mutatur³
918 1568 1007 1658 dies,

194 1689 287 1759 Ferri
311 1689 466 1759 secundis
485 1703 559 1758 tuta
580 1689 683 1784 coepit
703 1689 858 1780 flatibuS,

194 1812 306 1883 Nimia
324 1813 422 1906 quesi
440 1827 560 1882 nautas
577 1811 747 1882 hilaritate
761 1803 954 1884 extoliere⁵.

192 1940 312 2004 Factus
329 1929 550 2029 periculosis6
568 1950 641 2006 tum
658 1936 866 2030 gubernator
883 1937 1030 2032 sophus:

192 2062 293 2128 Parce
314 2058 459 2154 gaudere
479 2073 613 2153 oportet
633 2073 666 2128 et
684 2059 943 2155 sensim-queri,

193 2184 312 2252 Totam
335 2192 433 2278 qua?
449 2183 556 2254 vitam
574 2183 692 2253 miscet
709 2182 807 2254 dolor
826 2198 861 2252 et
878 2183 1049 2278 gaudium.

139 2415 141 2419 '
229 2427 251 2457 r.
272 2407 403 2459 Editores:
421 2404 572 2456 Gubernator
585 2417 608 2454 et
624 2408 721 2455 Nautoe.
735 2435 770 2452 -ι
782 2424 808 2456 2.
818 2407 873 2467 Sic,
891 2424 934 2475 pro
950 2407 1094 2458 consolandi.

227 2503 249 2548 3.
267 2502 342 2550 Recte
354 2497 481 2558 Heinsius,
499 2507 526 2546 ut
542 2506 651 2545 mutatio.
671 2522 705 2533 -
725 2507 750 2554 4.
768 2497 822 2555 sic,
841 2513 885 2564 pro
898 2498 1031 2566 Nimiaque.

228 2592 250 2641 5.
272 2590 385 2641 Heinsius
398 2605 492 2640 versum
510 2588 546 2639 iu
564 2587 663 2638 scffltit:

325 2683 406 2733 Nimia
422 2699 474 2731 ecce
489 2691 573 2732 nudas
591 2679 709 2732 hilaritate
725 2680 852 2742 assuere,

258 2776 302 2826 Vel
320 2775 463 2845 :Nuniuque
480 2785 560 2824 uautoe
572 2791 598 2823 se
610 2771 729 2823 ltilaritate
741 2773 861 2826 arctim.

192 2868 237 2920 Sed
254 2867 391 2919 Schwabius
407 2884 462 2918 cum
476 2865 569 2918 Pithoeo
588 2867 715 2918 lectionem
733 2867 793 2918 Cod.
811 2875 900 2918 tuetur.

225 2965 250 3011 6.
270 2966 345 3012 Recte
364 2960 485 3021 Pitinum,
499 2959 599 3030 perulo.

229 3073 251 3116 7.
271 3054 310 3104 Ad
322 3054 451 3119 marginem
463 3053 604 3120 exemplaris
617 3069 689 3104 manu
700 3052 775 3102 notati
786 3051 919 3118 (Biblioth.
930 3057 990 3120 ng.
1000 3058 1030 3114 Y,
1040 3057 1113 3105 6562.
1125 3058 1182 3107 vid.

195 3147 283 3216 pretet.
296 3156 384 3197 nostru
394 3163 446 3214 pag.
458 3148 490 3196 so
497 3147 522 3213 ):
538 3150 680 3214 Totamque,
695 3145 766 3196 lectio
776 3161 791 3195 a
802 3145 915 3196 Salmasio
926 3147 1033 3213 probata.

227 3238 351 3289 Heinsius:
370 3241 452 3286 Totum
462 3254 537 3305 oeque.
545 3237 591 3286 Sed
602 3236 699 3296 meiius,
714 3247 740 3287 ut
754 3236 855 3298 videtur,
863 3237 1000 3289 Schwabius
1011 3257 1065 3290 cum
1076 3241 1182 3292 Pitboeo:

604 3668 769 3995 ii}

196 3333 278 3379 Totum
291 3329 355 3396 quia.
