3144 5218
342 617 413 690 aad
484 642 626 690 euentu
645 641 862 692 rasumuu
880 643 946 690 ura.
964 641 1020 704 ιν,
1036 639 1114 686 rau.
1133 612 1190 686 25.

714 873 947 944 POETA¹.

340 1082 528 1171 Quamne
546 1079 696 1151 valerent
717 1081 805 1148 inter
823 1079 976 1148 homiues
1002 1077 1120 1147 littere

339 1201 420 1272 Dixi
437 1203 613 1297 superius:
638 1214 785 1297 quantus
803 1226 893 1271 nuno
912 1201 978 1271 illis
998 1202 1108 1272 honos

340 1327 371 1394 A
388 1326 523 1420 Superis
543 1327 587 1396 sit
609 1326 755 1396 tributus
774 1336 833 1395 et²
858 1323 986 1394 tradam
1007 1323 1185 1393 memoriae.

388 1448 576 1520 Simonides
596 1447 684 1518 idom
708 1448 763 1518 ille
782 1448 823 1517 de
845 1473 912 1542 quo
938 1447 1058 1530 retuli,

340 1564 509 1642 Victoris3
530 1571 662 1642 laudem
680 1571 813 1644 cuidam
831 1567 955 1666 pictae⁴
977 1584 1015 1640 ut
1033 1570 1213 1656 scriberet,

340 1697 442 1766 Certo
459 1696 621 1766 conduxit
641 1697 760 1793 praetio
774 1693 812 1764 ⁵:
836 1698 1008 1765 Secretum
1029 1693 1122 1788 petit.

343 1817 472 1912 Exigua
490 1843 567 1888 cum
585 1818 730 1888 frenaret
750 1819 889 1888 materia
907 1818 1091 1912 impetum,

342 1943 433 2011 Usus
449 1953 576 2034 poetae,
600 1955 638 2008 ut
657 1941 763 2009 moris
783 1954 850 2028 est,
871 1938 1023 2026 licentia,

343 2066 455 2158 Atque
472 2063 672 2159 interposuit
688 2063 820 2158 gemina
835 2057 961 2133 Laede⁶
983 2062 1108 2146 sidera,

229 2169 232 2174 ¹
340 2187 582 2258 Auctoritatem
602 2185 719 2256 similis
741 2187 888 2256 referens
911 2185 1035 2281 gloriae.

341 2313 437 2404 Opus
456 2308 651 2404 adprobavit
663 2319 690 2394 7,
712 2309 769 2379 sed
789 2309 948 2378 mercedis
966 2310 1097 2379 tertiam

339 2433 478 2529 Accepit
498 2447 637 2528 partem.
661 2437 748 2504 Cum
769 2423 957 2527 reliquam⁸
980 2445 1147 2528 posceret,

337 2554 413 2645 Illi,
431 2556 561 2650 inquit,
583 2555 722 2626 reddent
739 2580 883 2650 quorum
903 2570 982 2625 sunt
1000 2553 1114 2624 laudes
1134 2554 1217 2626 duae.

341 2681 469 2748 Verum
486 2693 525 2747 ut
549 2703 592 2748 ne
613 2679 697 2748 irate
716 2695 750 2748 te
771 2678 949 2748 demissum
973 2679 1111 2747 sentiam
1125 2686 1159 2763 9,

346 2800 399 2871 Ad
423 2826 540 2873 cenam
550 2813 581 2846 ¹⁰
599 2801 683 2870 mihi
701 2804 878 2897 promitte3
905 2817 1066 2897 cognatos
1083 2801 1160 2871 volo

346 2901 455 2994 Hodie
474 2926 634 3012 invitare,
655 2951 797 3020 quorum
816 2952 851 2997 es
866 2928 901 2995 in
920 2951 1060 2996 numero
1076 2925 1169 2994 mihi.

345 3046 531 3117 Fraudatus
553 3051 704 3143 quamvis
730 3066 763 3119 et
786 3048 901 3123 dolens
922 3050 1063 3144 injuria,

332 3285 335 3290 ,
380 3271 399 3302 ι.
416 3251 542 3304 Editores:
559 3253 689 3304 Sbuouides
702 3273 717 3303 a
734 3256 787 3304 Diis
802 3265 914 3304 servatus.

377 3377 400 3409 a.
417 3362 492 3410 Recte
509 3359 613 3410 Pithoeus
632 3371 656 3409 et
676 3359 770 3427 abjecit.

377 3463 399 3510 ³.
415 3459 566 3520 Schwahius‚
580 3462 617 3510 vir
630 3461 804 3527 sagacissimus,
819 3460 946 3512 lectionem
958 3461 1048 3510 Victori
1060 3460 1168 3528 praefert,
1184 3477 1256 3525 quem
1272 3460 1329 3512 olim

342 3553 512 3606 Rittershusius
523 3555 635 3621 conjecit,
651 3553 760 3622 probavit
773 3564 853 3604 autem
868 3554 926 3605 Cod.
940 3558 992 3604 Per.

377 3668 401 3716 4.
418 3660 470 3719 Sic3
488 3676 531 3726 pro
540 3669 628 3729 pyctoe.
646 3687 678 3697 -
695 3659 718 3709 5.
731 3659 777 3710 Sic.
791 3687 823 3698 -
844 3661 867 3709 6.
882 3663 928 3708 Pro
944 3656 1021 3707 Ledoe.

379 3785 400 3829 7.
416 3765 498 3825 Prius,
515 3764 661 3833 adprobabit.
675 3794 707 3804 -
722 3767 744 3814 Β.
762 3763 898 3816 Schwahius
908 3779 962 3814 cum
973 3761 1025 3814 aliis
1053 3761 1192 3829 reliqum·

377 3876 401 3925 ῃ.
418 3861 473 3907 Post
486 3857 570 3908 multos
582 3859 624 3923 qui
637 3858 701 3910 varia
713 3861 878 3924 conjecerant,
894 3855 1043 3922 Schwabius,
1057 3856 1093 3905 vir
1111 3870 1229 3906 summus:

429 3956 514 4005 Verum
528 3964 553 4004 ut
565 3970 594 4002 ne
610 3953 668 4004 irate
684 3952 800 4005 dimissum
814 3964 835 4004 te
852 3953 958 4004 sentiam.
991 3981 1024 3992 --
1061 3969 1098 4004 ro.
1113 3951 1159 4004 Sir.
