<?xml version="1.0" encoding="UTF-8"?>
<!DOCTYPE html PUBLIC "-//W3C//DTD XHTML 1.0 Transitional//EN"
    "http://www.w3.org/TR/xhtml1/DTD/xhtml1-transitional.dtd">
<html xmlns="http://www.w3.org/1999/xhtml" xml:lang="en" lang="en">
 <head>
  <title>
</title>
<meta http-equiv="Content-Type" content="text/html;charset=utf-8" />
  <meta name='ocr-system' content='tesseract 3.04.00' />
  <meta name='ocr-capabilities' content='ocr_page ocr_carea ocr_par ocr_line ocrx_word'/>
</head>
<body>
  <div class='ocr_page' id='page_1' title='image "./fabularumaesopi00phaegoog_0077.png"; bbox 0 0 3200 5214; ppageno 0'>
   <div class='ocr_carea' id='block_1_1' title="bbox 391 555 990 668">
    <p class='ocr_par' dir='ltr' id='par_1_1' title="bbox 391 555 990 668">
     <span class='ocr_line' id='line_1_1' title="bbox 391 555 990 668; baseline 0.007 -27"><span class='ocrx_word' id='word_1_1' title='bbox 391 595 437 668; x_wconf 86' lang='lat'><strong>7⁰</strong></span> <span class='ocrx_word' id='word_1_2' title='bbox 518 555 521 562; x_wconf 27' lang='lat'>¹</span> <span class='ocrx_word' id='word_1_3' title='bbox 732 583 734 591; x_wconf 81' lang='lat'><em>&#39;</em></span> <span class='ocrx_word' id='word_1_4' title='bbox 783 581 990 648; x_wconf 69' lang='lat' dir='ltr'><strong>entrecii.</strong></span> 
     </span>
    </p>
   </div>
   <div class='ocr_carea' id='block_1_2' title="bbox 433 715 1376 2800">
    <p class='ocr_par' dir='ltr' id='par_1_2' title="bbox 433 715 1376 2800">
     <span class='ocr_line' id='line_1_2' title="bbox 509 715 1262 822; baseline 0.003 -25"><span class='ocrx_word' id='word_1_5' title='bbox 509 715 559 797; x_wconf 65' lang='lat'><strong>..3</strong></span> <span class='ocrx_word' id='word_1_6' title='bbox 584 747 639 792; x_wconf 80' lang='lat'><strong>20.</strong></span> <span class='ocrx_word' id='word_1_7' title='bbox 689 725 847 812; x_wconf 86' lang='lat' dir='ltr'><strong>¹nimium</strong></span> <span class='ocrx_word' id='word_1_8' title='bbox 872 739 913 796; x_wconf 84' lang='lat' dir='ltr'><strong>ut</strong></span> <span class='ocrx_word' id='word_1_9' title='bbox 935 725 1010 798; x_wconf 87' lang='lat' dir='ltr'><strong>red.</strong></span> <span class='ocrx_word' id='word_1_10' title='bbox 1258 817 1262 822; x_wconf 86' lang='lat'><strong>.</strong></span> 
     </span>
     <span class='ocr_line' id='line_1_3' title="bbox 525 841 1306 928; baseline 0.018 -14"><span class='ocrx_word' id='word_1_11' title='bbox 525 870 562 914; x_wconf 85' lang='grc' dir='ltr'><strong>ν.</strong></span> <span class='ocrx_word' id='word_1_12' title='bbox 578 841 640 916; x_wconf 87' lang='lat' dir='ltr'><strong>ult.</strong></span> <span class='ocrx_word' id='word_1_13' title='bbox 686 844 866 919; x_wconf 83' lang='lat' dir='ltr'><strong>desideret</strong></span> <span class='ocrx_word' id='word_1_14' title='bbox 885 873 962 921; x_wconf 85' lang='lat' dir='ltr'><strong>esse</strong></span> <span class='ocrx_word' id='word_1_15' title='bbox 975 847 1157 922; x_wconf 88' lang='lat' dir='ltr'><strong>beneficio</strong></span> <span class='ocrx_word' id='word_1_16' title='bbox 1179 853 1306 928; x_wconf 81' lang='lat' dir='ltr'><strong>utilius</strong></span> 
     </span>
     <span class='ocr_line' id='line_1_4' title="bbox 439 965 966 1071; baseline 0.008 -31"><span class='ocrx_word' id='word_1_17' title='bbox 439 965 484 1065; x_wconf 85' lang='lat'><strong>59</strong></span> <span class='ocrx_word' id='word_1_18' title='bbox 509 1010 557 1022; x_wconf 91' lang='lat'><strong>—</strong></span> <span class='ocrx_word' id='word_1_19' title='bbox 602 996 635 1040; x_wconf 82' lang='lat'><strong>2.</strong></span> <span class='ocrx_word' id='word_1_20' title='bbox 683 994 843 1071; x_wconf 85' lang='lat' dir='ltr'><strong>praeceps</strong></span> <span class='ocrx_word' id='word_1_21' title='bbox 866 998 910 1043; x_wconf 85' lang='lat' dir='ltr'><strong>ex</strong></span> <span class='ocrx_word' id='word_1_22' title='bbox 935 977 966 1044; x_wconf 87' lang='lat' dir='ltr'><strong>is</strong></span> 
     </span>
     <span class='ocr_line' id='line_1_5' title="bbox 509 1090 999 1194; baseline 0.014 -33"><span class='ocrx_word' id='word_1_23' title='bbox 509 1135 559 1147; x_wconf 92' lang='lat'>-</span> <span class='ocrx_word' id='word_1_24' title='bbox 581 1090 639 1164; x_wconf 52' lang='lat'><strong>⁵5.</strong></span> <span class='ocrx_word' id='word_1_25' title='bbox 691 1095 873 1193; x_wconf 87' lang='lat' dir='ltr'>Colorque</span> <span class='ocrx_word' id='word_1_26' title='bbox 897 1098 999 1194; x_wconf 88' lang='lat' dir='ltr'><strong>prior</strong></span> 
     </span>
     <span class='ocr_line' id='line_1_6' title="bbox 508 1218 1116 1317; baseline 0.012 -32"><span class='ocrx_word' id='word_1_27' title='bbox 508 1257 555 1268; x_wconf 88' lang='lat'><em>-</em></span> <span class='ocrx_word' id='word_1_28' title='bbox 583 1241 641 1312; x_wconf 79' lang='lat'><strong>27.</strong></span> <span class='ocrx_word' id='word_1_29' title='bbox 691 1219 867 1294; x_wconf 80' lang='lat' dir='ltr'><strong>Particula</strong></span> <span class='ocrx_word' id='word_1_30' title='bbox 884 1245 920 1317; x_wconf 87' lang='lat' dir='ltr'><strong>q.</strong></span> <span class='ocrx_word' id='word_1_31' title='bbox 939 1245 969 1292; x_wconf 93' lang='lat' dir='ltr'><strong>c.</strong></span> <span class='ocrx_word' id='word_1_32' title='bbox 986 1218 1116 1294; x_wconf 79' lang='lat' dir='ltr'><strong>fabuler.</strong></span> 
     </span>
     <span class='ocr_line' id='line_1_7' title="bbox 433 1326 1208 1441; baseline 0.013 -34"><span class='ocrx_word' id='word_1_33' title='bbox 433 1326 436 1330; x_wconf 35' lang='lat'><em>¹</em></span> <span class='ocrx_word' id='word_1_34' title='bbox 531 1364 566 1408; x_wconf 85' lang='grc' dir='ltr'><strong>ν.</strong></span> <span class='ocrx_word' id='word_1_35' title='bbox 583 1339 647 1410; x_wconf 89' lang='lat' dir='ltr'><strong>ult.</strong></span> <span class='ocrx_word' id='word_1_36' title='bbox 698 1343 819 1432; x_wconf 48' lang='lat' dir='ltr'><strong>Quasi*</strong></span> <span class='ocrx_word' id='word_1_37' title='bbox 827 1365 959 1441; x_wconf 84' lang='lat' dir='ltr'><strong>paucas</strong></span> <span class='ocrx_word' id='word_1_38' title='bbox 974 1344 1035 1416; x_wconf 89' lang='lat' dir='ltr'><strong>ille</strong></span> <span class='ocrx_word' id='word_1_39' title='bbox 1049 1345 1208 1418; x_wconf 82' lang='lat' dir='ltr'><strong>ostendit</strong></span> 
     </span>
     <span class='ocr_line' id='line_1_8' title="bbox 436 1460 962 1566; baseline 0.01 -34"><span class='ocrx_word' id='word_1_40' title='bbox 436 1460 483 1532; x_wconf 88' lang='lat'><strong>60</strong></span> <span class='ocrx_word' id='word_1_41' title='bbox 509 1503 557 1516; x_wconf 83' lang='lat'><strong>-—</strong></span> <span class='ocrx_word' id='word_1_42' title='bbox 606 1490 638 1534; x_wconf 64' lang='grc' dir='ltr'><strong>α.</strong></span> <span class='ocrx_word' id='word_1_43' title='bbox 690 1469 788 1536; x_wconf 91' lang='lat' dir='ltr'><strong>Dum</strong></span> <span class='ocrx_word' id='word_1_44' title='bbox 808 1469 905 1538; x_wconf 85' lang='lat' dir='ltr'><strong>varie</strong></span> <span class='ocrx_word' id='word_1_45' title='bbox 925 1490 962 1566; x_wconf 88' lang='lat' dir='ltr'><strong>p.</strong></span> 
     </span>
     <span class='ocr_line' id='line_1_9' title="bbox 595 1589 1375 1668; baseline 0.013 -11"><span class='ocrx_word' id='word_1_46' title='bbox 595 1601 598 1608; x_wconf 90' lang='lat'>&#39;</span> <span class='ocrx_word' id='word_1_47' title='bbox 688 1589 865 1660; x_wconf 84' lang='lat' dir='ltr'><strong>Caeterum</strong></span> <span class='ocrx_word' id='word_1_48' title='bbox 874 1603 980 1668; x_wconf 85' lang='lat' dir='ltr'><strong>totum</strong></span> <span class='ocrx_word' id='word_1_49' title='bbox 990 1589 1248 1664; x_wconf 82' lang='lat' dir='ltr'><strong>deMenandro</strong></span> <span class='ocrx_word' id='word_1_50' title='bbox 1258 1617 1375 1667; x_wconf 74' lang='lat' dir='ltr'><strong>eoeem-</strong></span> 
     </span>
     <span class='ocr_line' id='line_1_10' title="bbox 733 1711 1376 1816; baseline 0.016 -35"><span class='ocrx_word' id='word_1_51' title='bbox 733 1713 839 1808; x_wconf 88' lang='lat' dir='ltr'><strong>plum</strong></span> <span class='ocrx_word' id='word_1_52' title='bbox 866 1711 990 1783; x_wconf 81' lang='lat' dir='ltr'><strong>debuit</strong></span> <span class='ocrx_word' id='word_1_53' title='bbox 1006 1711 1140 1784; x_wconf 77' lang='lat' dir='ltr'><strong>excudi</strong></span> <span class='ocrx_word' id='word_1_54' title='bbox 1161 1715 1269 1788; x_wconf 68' lang='lat' dir='ltr'><strong>latent</strong></span> <span class='ocrx_word' id='word_1_55' title='bbox 1287 1742 1376 1816; x_wconf 78' lang='lat' dir='ltr'><strong>quas</strong></span> 
     </span>
     <span class='ocr_line' id='line_1_11' title="bbox 729 1833 1034 1906; baseline 0.003 -2"><span class='ocrx_word' id='word_1_56' title='bbox 729 1833 874 1906; x_wconf 83' lang='lat' dir='ltr'><strong>Itad&#39;cas</strong></span> <span class='ocrx_word' id='word_1_57' title='bbox 893 1852 1034 1906; x_wconf 81' lang='lat' dir='ltr'><strong>uocant.</strong></span> 
     </span>
     <span class='ocr_line' id='line_1_12' title="bbox 436 1957 1052 2056; baseline 0.002 -27"><span class='ocrx_word' id='word_1_58' title='bbox 436 1959 483 2029; x_wconf 80' lang='lat'><strong>62</strong></span> <span class='ocrx_word' id='word_1_59' title='bbox 509 2000 558 2012; x_wconf 92' lang='grc'>-</span> <span class='ocrx_word' id='word_1_60' title='bbox 608 1957 639 2029; x_wconf 83' lang='lat'><strong>3.</strong></span> <span class='ocrx_word' id='word_1_61' title='bbox 689 1959 841 2052; x_wconf 80' lang='lat' dir='ltr'><strong>IuJitrioe</strong></span> <span class='ocrx_word' id='word_1_62' title='bbox 859 1963 948 2056; x_wconf 82' lang='lat' dir='ltr'><strong>quia</strong></span> <span class='ocrx_word' id='word_1_63' title='bbox 965 1958 1052 2042; x_wconf 76' lang='lat' dir='ltr'><strong>ded,</strong></span> 
     </span>
     <span class='ocr_line' id='line_1_13' title="bbox 509 2081 878 2178; baseline -0.003 -27"><span class='ocrx_word' id='word_1_64' title='bbox 509 2123 557 2134; x_wconf 91' lang='lat'>-</span> <span class='ocrx_word' id='word_1_65' title='bbox 582 2107 639 2151; x_wconf 64' lang='grc' dir='ltr'><strong>αα.</strong></span> <span class='ocrx_word' id='word_1_66' title='bbox 690 2081 878 2178; x_wconf 86' lang='lat' dir='ltr'><strong>perierunt</strong></span> 
     </span>
     <span class='ocr_line' id='line_1_14' title="bbox 436 2185 855 2300; baseline 0 -24"><span class='ocrx_word' id='word_1_67' title='bbox 436 2203 483 2276; x_wconf 82' lang='lat'><strong>63</strong></span> <span class='ocrx_word' id='word_1_68' title='bbox 509 2247 557 2258; x_wconf 92' lang='lat'>-</span> <span class='ocrx_word' id='word_1_69' title='bbox 587 2229 640 2300; x_wconf 90' lang='lat'><strong>17.</strong></span> <span class='ocrx_word' id='word_1_70' title='bbox 692 2185 855 2276; x_wconf 82' lang='lat' dir='ltr'><strong>lancibus</strong></span> 
     </span>
     <span class='ocr_line' id='line_1_15' title="bbox 582 2326 1375 2425; baseline 0.003 -27"><span class='ocrx_word' id='word_1_71' title='bbox 582 2326 639 2398; x_wconf 81' lang='lat'><strong>23.</strong></span> <span class='ocrx_word' id='word_1_72' title='bbox 690 2331 740 2397; x_wconf 85' lang='lat' dir='ltr'><strong>Et</strong></span> <span class='ocrx_word' id='word_1_73' title='bbox 753 2327 932 2399; x_wconf 70' lang='lat' dir='ltr'><strong>deruuros</strong></span> <span class='ocrx_word' id='word_1_74' title='bbox 949 2351 1022 2398; x_wconf 84' lang='lat' dir='ltr'><strong>nou</strong></span> <span class='ocrx_word' id='word_1_75' title='bbox 1038 2343 1283 2425; x_wconf 79' lang='lat' dir='ltr'><strong>expectaturos</strong></span> <span class='ocrx_word' id='word_1_76' title='bbox 1297 2335 1375 2402; x_wconf 81' lang='lat' dir='ltr'><strong>st‘tet</strong></span> 
     </span>
     <span class='ocr_line' id='line_1_16' title="bbox 435 2449 1131 2550; baseline -0.006 -24"><span class='ocrx_word' id='word_1_77' title='bbox 435 2451 482 2526; x_wconf 84' lang='lat'><strong>65</strong></span> <span class='ocrx_word' id='word_1_78' title='bbox 508 2496 555 2506; x_wconf 89' lang='lat'>—</span> <span class='ocrx_word' id='word_1_79' title='bbox 607 2449 638 2523; x_wconf 84' lang='grc'><strong>5.</strong></span> <span class='ocrx_word' id='word_1_80' title='bbox 690 2457 867 2550; x_wconf 83' lang='lat' dir='ltr'><strong>Necopia.</strong></span> <span class='ocrx_word' id='word_1_81' title='bbox 889 2450 963 2550; x_wconf 86' lang='lat' dir='ltr'><strong>[sic]</strong></span> <span class='ocrx_word' id='word_1_82' title='bbox 987 2453 1059 2524; x_wconf 87' lang='lat' dir='ltr'><strong>Sed</strong></span> <span class='ocrx_word' id='word_1_83' title='bbox 1076 2457 1131 2522; x_wconf 82' lang='lat' dir='ltr'><strong>siu</strong></span> 
     </span>
     <span class='ocr_line' id='line_1_17' title="bbox 435 2574 1276 2675; baseline 0.004 -27"><span class='ocrx_word' id='word_1_84' title='bbox 435 2578 479 2675; x_wconf 89' lang='lat'><strong>67</strong></span> <span class='ocrx_word' id='word_1_85' title='bbox 508 2619 555 2632; x_wconf 92' lang='lat'>-</span> <span class='ocrx_word' id='word_1_86' title='bbox 577 2602 613 2648; x_wconf 83' lang='grc' dir='ltr'><strong>ν.</strong></span> <span class='ocrx_word' id='word_1_87' title='bbox 639 2601 724 2674; x_wconf 89' lang='lat' dir='ltr'><strong>pen.</strong></span> <span class='ocrx_word' id='word_1_88' title='bbox 739 2577 984 2648; x_wconf 80' lang='lat' dir='ltr'><strong>Jumdamnas</strong></span> <span class='ocrx_word' id='word_1_89' title='bbox 1000 2574 1104 2674; x_wconf 87' lang='lat' dir='ltr'><strong>quod</strong></span> <span class='ocrx_word' id='word_1_90' title='bbox 1117 2601 1242 2652; x_wconf 80' lang='lat' dir='ltr'><strong>sumus</strong></span> <span class='ocrx_word' id='word_1_91' title='bbox 1273 2621 1276 2627; x_wconf 96' lang='lat'><em>·</em></span> 
     </span>
     <span class='ocr_line' id='line_1_18' title="bbox 579 2699 1372 2800; baseline 0.001 -28"><span class='ocrx_word' id='word_1_92' title='bbox 579 2727 613 2772; x_wconf 84' lang='lat' dir='ltr'><strong>u.</strong></span> <span class='ocrx_word' id='word_1_93' title='bbox 639 2701 704 2771; x_wconf 94' lang='lat' dir='ltr'><strong>ult.</strong></span> <span class='ocrx_word' id='word_1_94' title='bbox 736 2705 872 2786; x_wconf 72' lang='lat' dir='ltr'><strong>From,</strong></span> <span class='ocrx_word' id='word_1_95' title='bbox 898 2705 949 2770; x_wconf 81' lang='lat' dir='ltr'><strong>sic</strong></span> <span class='ocrx_word' id='word_1_96' title='bbox 971 2716 1043 2771; x_wconf 83' lang='lat' dir='ltr'><strong>vet.</strong></span> <span class='ocrx_word' id='word_1_97' title='bbox 1065 2726 1114 2771; x_wconf 80' lang='lat' dir='ltr'><strong>ex</strong></span> <span class='ocrx_word' id='word_1_98' title='bbox 1137 2704 1210 2772; x_wconf 84' lang='lat' dir='ltr'><strong>Cat.</strong></span> <span class='ocrx_word' id='word_1_99' title='bbox 1230 2699 1310 2800; x_wconf 83' lang='lat' dir='ltr'><strong>[sic]</strong></span> <span class='ocrx_word' id='word_1_100' title='bbox 1337 2711 1372 2773; x_wconf 81' lang='lat' dir='ltr'><strong>iu</strong></span> 
     </span>
    </p>
   </div>
   <div class='ocr_carea' id='block_1_3' title="bbox 668 2822 1570 2920">
    <p class='ocr_par' dir='ltr' id='par_1_3' title="bbox 668 2822 1570 2920">
     <span class='ocr_line' id='line_1_19' title="bbox 668 2822 1570 2920; baseline 0.003 -27"><span class='ocrx_word' id='word_1_101' title='bbox 668 2846 742 2920; x_wconf 89' lang='lat' dir='ltr'><strong>quo</strong></span> <span class='ocrx_word' id='word_1_102' title='bbox 766 2838 853 2919; x_wconf 85' lang='lat' dir='ltr'><strong>post</strong></span> <span class='ocrx_word' id='word_1_103' title='bbox 877 2822 973 2893; x_wconf 77' lang='lat' dir='ltr'><strong>tanc</strong></span> <span class='ocrx_word' id='word_1_104' title='bbox 993 2835 1211 2920; x_wconf 82' lang='lat' dir='ltr'><strong>postremam</strong></span> <span class='ocrx_word' id='word_1_105' title='bbox 1241 2823 1372 2896; x_wconf 67' lang='lat' dir='ltr'><strong>dueum</strong></span> <span class='ocrx_word' id='word_1_106' title='bbox 1441 2859 1445 2874; x_wconf 84' lang='lat'><strong>·</strong></span> <span class='ocrx_word' id='word_1_107' title='bbox 1569 2855 1570 2879; x_wconf 57' lang='lat'>1</span> 
     </span>
    </p>
   </div>
   <div class='ocr_carea' id='block_1_4' title="bbox 667 2943 1418 3164">
    <p class='ocr_par' dir='ltr' id='par_1_4' title="bbox 667 2943 1418 3164">
     <span class='ocr_line' id='line_1_20' title="bbox 667 2943 1373 3041; baseline 0.006 -27"><span class='ocrx_word' id='word_1_108' title='bbox 667 2943 799 3015; x_wconf 81' lang='lat' dir='ltr'><strong>abcr&#39;sst&#39;</strong></span> <span class='ocrx_word' id='word_1_109' title='bbox 808 2949 984 3041; x_wconf 78' lang='lat' dir='ltr'><strong>sequentis</strong></span> <span class='ocrx_word' id='word_1_110' title='bbox 992 2951 1164 3041; x_wconf 79' lang='lat' dir='ltr'><strong>proxime</strong></span> <span class='ocrx_word' id='word_1_111' title='bbox 1164 2945 1257 3038; x_wconf 83' lang='lat' dir='ltr'><strong>folii</strong></span> <span class='ocrx_word' id='word_1_112' title='bbox 1269 2955 1373 3020; x_wconf 81' lang='lat' dir='ltr'><strong>vesti·</strong></span> 
     </span>
     <span class='ocr_line' id='line_1_21' title="bbox 670 3057 1418 3164; baseline 0.008 -28"><span class='ocrx_word' id='word_1_113' title='bbox 670 3072 736 3164; x_wconf 77' lang='lat' dir='ltr'><strong>giu</strong></span> <span class='ocrx_word' id='word_1_114' title='bbox 751 3079 888 3139; x_wconf 79' lang='lat' dir='ltr'><strong>extant.</strong></span> <span class='ocrx_word' id='word_1_115' title='bbox 1413 3057 1418 3067; x_wconf 51' lang='grc'><em>’</em></span> 
     </span>
    </p>
   </div>
   <div class='ocr_carea' id='block_1_5' title="bbox 384 3199 1367 3422">
    <p class='ocr_par' dir='ltr' id='par_1_5' title="bbox 384 3199 1367 3422">
     <span class='ocr_line' id='line_1_22' title="bbox 433 3199 1367 3302; baseline 0.002 -30"><span class='ocrx_word' id='word_1_116' title='bbox 433 3207 462 3272; x_wconf 86' lang='grc' dir='ltr'>Α</span> <span class='ocrx_word' id='word_1_117' title='bbox 488 3202 523 3272; x_wconf 89' lang='lat' dir='ltr'><strong>la</strong></span> <span class='ocrx_word' id='word_1_118' title='bbox 548 3199 712 3271; x_wconf 76' lang='lat' dir='ltr'><strong>derniire</strong></span> <span class='ocrx_word' id='word_1_119' title='bbox 737 3222 828 3298; x_wconf 84' lang='lat' dir='ltr'><strong>pege</strong></span> <span class='ocrx_word' id='word_1_120' title='bbox 848 3225 885 3272; x_wconf 90' lang='lat' dir='ltr'><strong>se</strong></span> <span class='ocrx_word' id='word_1_121' title='bbox 903 3214 1033 3272; x_wconf 89' lang='lat' dir='ltr'><strong>trouve</strong></span> <span class='ocrx_word' id='word_1_122' title='bbox 1056 3200 1208 3274; x_wconf 80' lang='lat' dir='ltr'><strong>l’extrait</strong></span> <span class='ocrx_word' id='word_1_123' title='bbox 1225 3202 1276 3274; x_wconf 79' lang='lat' dir='ltr'><strong>dri</strong></span> <span class='ocrx_word' id='word_1_124' title='bbox 1293 3206 1367 3302; x_wconf 89' lang='lat' dir='ltr'><strong>pri-</strong></span> 
     </span>
     <span class='ocr_line' id='line_1_23' title="bbox 384 3327 1239 3422; baseline 0.002 -27"><span class='ocrx_word' id='word_1_125' title='bbox 384 3327 510 3422; x_wconf 73' lang='lat' dir='ltr'><strong>vilege.</strong></span> <span class='ocrx_word' id='word_1_126' title='bbox 1236 3330 1239 3336; x_wconf 79' lang='grc'><strong>’</strong></span> 
     </span>
    </p>
   </div>
   <div class='ocr_carea' id='block_1_6' title="bbox 367 3462 1373 4058">
    <p class='ocr_par' dir='ltr' id='par_1_6' title="bbox 367 3462 1373 4058">
     <span class='ocr_line' id='line_1_24' title="bbox 432 3462 1373 3564; baseline 0.003 -33"><span class='ocrx_word' id='word_1_127' title='bbox 432 3497 449 3531; x_wconf 79' lang='grc' dir='ltr'><strong>α</strong></span> <span class='ocrx_word' id='word_1_128' title='bbox 465 3471 531 3537; x_wconf 89' lang='lat' dir='ltr'><strong>Par</strong></span> <span class='ocrx_word' id='word_1_129' title='bbox 547 3464 722 3564; x_wconf 81' lang='lat' dir='ltr'><strong>privilege</strong></span> <span class='ocrx_word' id='word_1_130' title='bbox 735 3462 786 3534; x_wconf 93' lang='lat' dir='ltr'><strong>du</strong></span> <span class='ocrx_word' id='word_1_131' title='bbox 799 3489 883 3562; x_wconf 85' lang='lat' dir='ltr'><strong>roy,</strong></span> <span class='ocrx_word' id='word_1_132' title='bbox 900 3463 1024 3535; x_wconf 73' lang='lat' dir='ltr'><strong>donne</strong></span> <span class='ocrx_word' id='word_1_133' title='bbox 1037 3467 1058 3535; x_wconf 68' lang='grc' dir='ltr'>ὲ</span> <span class='ocrx_word' id='word_1_134' title='bbox 1070 3467 1168 3535; x_wconf 85' lang='lat' dir='ltr'><strong>Paris</strong></span> <span class='ocrx_word' id='word_1_135' title='bbox 1180 3465 1214 3535; x_wconf 93' lang='lat' dir='ltr'><strong>le</strong></span> <span class='ocrx_word' id='word_1_136' title='bbox 1229 3465 1275 3536; x_wconf 81' lang='lat'><strong>28</strong></span> <span class='ocrx_word' id='word_1_137' title='bbox 1286 3465 1373 3561; x_wconf 86' lang='lat' dir='ltr'><strong>jour</strong></span> 
     </span>
     <span class='ocr_line' id='line_1_25' title="bbox 384 3586 1370 3687; baseline -0.001 -27"><span class='ocrx_word' id='word_1_138' title='bbox 384 3589 546 3678; x_wconf 84' lang='lat' dir='ltr'><strong>d’aoust,</strong></span> <span class='ocrx_word' id='word_1_139' title='bbox 572 3586 686 3686; x_wconf 83' lang='lat'>1596,</span> <span class='ocrx_word' id='word_1_140' title='bbox 702 3589 727 3658; x_wconf 87' lang='lat' dir='ltr'><strong>il</strong></span> <span class='ocrx_word' id='word_1_141' title='bbox 742 3603 796 3660; x_wconf 88' lang='lat' dir='ltr'><strong>est</strong></span> <span class='ocrx_word' id='word_1_142' title='bbox 813 3588 948 3687; x_wconf 89' lang='lat' dir='ltr'><strong>permis</strong></span> <span class='ocrx_word' id='word_1_143' title='bbox 970 3589 990 3658; x_wconf 71' lang='grc' dir='ltr'>ὲ</span> <span class='ocrx_word' id='word_1_144' title='bbox 1010 3592 1157 3658; x_wconf 87' lang='lat' dir='ltr'><strong>Maistre</strong></span> <span class='ocrx_word' id='word_1_145' title='bbox 1172 3589 1293 3666; x_wconf 83' lang='lat' dir='ltr'><strong>Pierre</strong></span> <span class='ocrx_word' id='word_1_146' title='bbox 1316 3592 1370 3659; x_wconf 90' lang='lat' dir='ltr'><strong>Pi·</strong></span> 
     </span>
     <span class='ocr_line' id='line_1_26' title="bbox 367 3711 1372 3810; baseline 0.002 -29"><span class='ocrx_word' id='word_1_147' title='bbox 367 3713 496 3800; x_wconf 83' lang='lat' dir='ltr'><strong>thou,</strong></span> <span class='ocrx_word' id='word_1_148' title='bbox 516 3739 540 3810; x_wconf 89' lang='lat' dir='ltr'><strong>y</strong></span> <span class='ocrx_word' id='word_1_149' title='bbox 557 3712 752 3785; x_wconf 76' lang='lat' dir='ltr'><strong>denommd</strong></span> <span class='ocrx_word' id='word_1_150' title='bbox 773 3711 819 3784; x_wconf 90' lang='lat' dir='ltr'><strong>de</strong></span> <span class='ocrx_word' id='word_1_151' title='bbox 838 3712 924 3782; x_wconf 86' lang='lat' dir='ltr'><strong>faire</strong></span> <span class='ocrx_word' id='word_1_152' title='bbox 943 3715 1130 3809; x_wconf 76' lang='lat' dir='ltr'><strong>imprimet·</strong></span> <span class='ocrx_word' id='word_1_153' title='bbox 1148 3735 1214 3810; x_wconf 84' lang='lat' dir='ltr'><strong>par</strong></span> <span class='ocrx_word' id='word_1_154' title='bbox 1232 3711 1281 3783; x_wconf 90' lang='lat' dir='ltr'><strong>tel</strong></span> <span class='ocrx_word' id='word_1_155' title='bbox 1299 3737 1372 3810; x_wconf 90' lang='lat' dir='ltr'><strong>que</strong></span> 
     </span>
     <span class='ocr_line' id='line_1_27' title="bbox 384 3834 1372 3932; baseline 0 -26"><span class='ocrx_word' id='word_1_156' title='bbox 384 3834 459 3906; x_wconf 91' lang='lat' dir='ltr'><strong>bon</strong></span> <span class='ocrx_word' id='word_1_157' title='bbox 482 3836 546 3932; x_wconf 88' lang='lat' dir='ltr'><strong>luy</strong></span> <span class='ocrx_word' id='word_1_158' title='bbox 568 3834 765 3920; x_wconf 67' lang='lat' dir='ltr'><strong>semmua,</strong></span> <span class='ocrx_word' id='word_1_159' title='bbox 786 3834 937 3905; x_wconf 78' lang='lat' dir='ltr'><strong>Phoedri</strong></span> <span class='ocrx_word' id='word_1_160' title='bbox 956 3838 1115 3932; x_wconf 82' lang='lat' dir='ltr'><strong>Augusti</strong></span> <span class='ocrx_word' id='word_1_161' title='bbox 1129 3835 1251 3906; x_wconf 81' lang='lat' dir='ltr'><strong>liberti</strong></span> <span class='ocrx_word' id='word_1_162' title='bbox 1265 3834 1372 3906; x_wconf 81' lang='lat' dir='ltr'><strong>libros</strong></span> 
     </span>
     <span class='ocr_line' id='line_1_28' title="bbox 377 3955 1368 4058; baseline -0.003 -28"><span class='ocrx_word' id='word_1_163' title='bbox 377 3968 552 4058; x_wconf 72' lang='lat' dir='ltr'><strong>quinque.</strong></span> <span class='ocrx_word' id='word_1_164' title='bbox 571 3963 666 4030; x_wconf 83' lang='lat' dir='ltr'><strong>Avec</strong></span> <span class='ocrx_word' id='word_1_165' title='bbox 685 3955 867 4029; x_wconf 85' lang='lat' dir='ltr'><strong>deffences</strong></span> <span class='ocrx_word' id='word_1_166' title='bbox 879 3960 899 4028; x_wconf 68' lang='lat' dir='ltr'><strong>t</strong></span> <span class='ocrx_word' id='word_1_167' title='bbox 913 3972 995 4027; x_wconf 91' lang='lat' dir='ltr'><strong>tous</strong></span> <span class='ocrx_word' id='word_1_168' title='bbox 1003 3961 1240 4056; x_wconf 87' lang='lat' dir='ltr'><strong>Imprimeurs</strong></span> <span class='ocrx_word' id='word_1_169' title='bbox 1257 3973 1293 4028; x_wconf 88' lang='lat' dir='ltr'><strong>et</strong></span> <span class='ocrx_word' id='word_1_170' title='bbox 1308 3961 1368 4028; x_wconf 92' lang='lat' dir='ltr'><strong>Li-</strong></span> 
     </span>
    </p>
   </div>
   <div class='ocr_carea' id='block_1_7' title="bbox 0 0 1604 5214">
    <p class='ocr_par' dir='ltr' id='par_1_7' title="bbox 0 0 1604 5214">
     <span class='ocr_line' id='line_1_29' title="bbox 0 0 1604 5214; baseline 0 1"><span class='ocrx_word' id='word_1_171' title='bbox 0 0 1604 5214; x_wconf 95' lang='lat' dir='ltr'><strong> </strong></span> 
     </span>
    </p>
   </div>
  </div>
 </body>
</html>
