<?xml version="1.0" encoding="UTF-8"?>
<!DOCTYPE html PUBLIC "-//W3C//DTD XHTML 1.0 Transitional//EN"
    "http://www.w3.org/TR/xhtml1/DTD/xhtml1-transitional.dtd">
<html xmlns="http://www.w3.org/1999/xhtml" xml:lang="en" lang="en">
 <head>
  <title>
</title>
<meta http-equiv="Content-Type" content="text/html;charset=utf-8" />
  <meta name='ocr-system' content='tesseract 3.04.00' />
  <meta name='ocr-capabilities' content='ocr_page ocr_carea ocr_par ocr_line ocrx_word'/>
</head>
<body>
  <div class='ocr_page' id='page_1' title='image "./fabularumaesopi00phaegoog_0234.png"; bbox 0 0 3144 5218; ppageno 0'>
   <div class='ocr_carea' id='block_1_1' title="bbox 342 635 1060 728">
    <p class='ocr_par' dir='ltr' id='par_1_1' title="bbox 342 635 1060 728">
     <span class='ocr_line' id='line_1_1' title="bbox 342 635 1060 728; baseline -0.007 -16"><span class='ocrx_word' id='word_1_1' title='bbox 342 657 482 712; x_wconf 77' lang='lat' dir='ltr'>rnnnns</span> <span class='ocrx_word' id='word_1_2' title='bbox 500 661 719 710; x_wconf 80' lang='lat' dir='ltr'>ssnnnsnnsr</span> <span class='ocrx_word' id='word_1_3' title='bbox 747 664 814 710; x_wconf 78' lang='lat' dir='ltr'>uns.</span> <span class='ocrx_word' id='word_1_4' title='bbox 838 663 886 728; x_wconf 83' lang='lat' dir='ltr'>w,</span> <span class='ocrx_word' id='word_1_5' title='bbox 908 661 984 710; x_wconf 83' lang='lat' dir='ltr'>ssn.</span> <span class='ocrx_word' id='word_1_6' title='bbox 1004 635 1060 708; x_wconf 76' lang='lat'>25.</span> 
     </span>
    </p>
   </div>
   <div class='ocr_carea' id='block_1_2' title="bbox 223 891 1024 1613">
    <p class='ocr_par' dir='ltr' id='par_1_2' title="bbox 223 891 1024 1613">
     <span class='ocr_line' id='line_1_2' title="bbox 223 891 1024 988; baseline -0.007 -21"><span class='ocrx_word' id='word_1_7' title='bbox 223 897 275 967; x_wconf 90' lang='lat' dir='ltr'>Ne</span> <span class='ocrx_word' id='word_1_8' title='bbox 290 891 377 963; x_wconf 88' lang='lat' dir='ltr'>male</span> <span class='ocrx_word' id='word_1_9' title='bbox 397 892 590 962; x_wconf 87' lang='lat' dir='ltr'>dimissam¹</span> <span class='ocrx_word' id='word_1_10' title='bbox 616 895 755 986; x_wconf 79' lang='lat' dir='ltr'><strong>gratiam</strong></span> <span class='ocrx_word' id='word_1_11' title='bbox 774 907 1024 988; x_wconf 82' lang='lat' dir='ltr'>corrumperet,</span> 
     </span>
     <span class='ocr_line' id='line_1_3' title="bbox 223 1014 937 1106; baseline 0 -20"><span class='ocrx_word' id='word_1_12' title='bbox 223 1018 387 1086; x_wconf 89' lang='lat' dir='ltr'>Promisit.</span> <span class='ocrx_word' id='word_1_13' title='bbox 409 1014 525 1086; x_wconf 83' lang='lat' dir='ltr'>Rediit</span> <span class='ocrx_word' id='word_1_14' title='bbox 541 1015 624 1086; x_wconf 89' lang='lat' dir='ltr'>hora</span> <span class='ocrx_word' id='word_1_15' title='bbox 643 1014 752 1106; x_wconf 88' lang='lat' dir='ltr'>dicta,</span> <span class='ocrx_word' id='word_1_16' title='bbox 774 1017 937 1086; x_wconf 86' lang='lat' dir='ltr'>recubuit.</span> 
     </span>
     <span class='ocr_line' id='line_1_4' title="bbox 224 1137 940 1234; baseline -0.004 -22"><span class='ocrx_word' id='word_1_17' title='bbox 224 1139 429 1234; x_wconf 86' lang='lat' dir='ltr'>Splendebat</span> <span class='ocrx_word' id='word_1_18' title='bbox 448 1138 563 1230; x_wconf 84' lang='lat' dir='ltr'>hilare¹</span> <span class='ocrx_word' id='word_1_19' title='bbox 575 1137 703 1234; x_wconf 88' lang='lat' dir='ltr'>poculis</span> <span class='ocrx_word' id='word_1_20' title='bbox 724 1141 916 1210; x_wconf 88' lang='lat' dir='ltr'>convivium</span> <span class='ocrx_word' id='word_1_21' title='bbox 931 1165 940 1228; x_wconf 90' lang='lat'>;</span> 
     </span>
     <span class='ocr_line' id='line_1_5' title="bbox 225 1260 982 1359; baseline -0.003 -25"><span class='ocrx_word' id='word_1_22' title='bbox 225 1269 351 1359; x_wconf 83' lang='lat' dir='ltr'>Magno</span> <span class='ocrx_word' id='word_1_23' title='bbox 374 1277 536 1358; x_wconf 87' lang='lat' dir='ltr'>apparatu</span> <span class='ocrx_word' id='word_1_24' title='bbox 558 1260 631 1332; x_wconf 85' lang='lat' dir='ltr'>iaeta</span> <span class='ocrx_word' id='word_1_25' title='bbox 650 1266 826 1334; x_wconf 89' lang='lat' dir='ltr'>resonabat</span> <span class='ocrx_word' id='word_1_26' title='bbox 847 1262 982 1346; x_wconf 86' lang='lat' dir='ltr'>domus,</span> 
     </span>
     <span class='ocr_line' id='line_1_6' title="bbox 225 1365 1021 1482; baseline 0.001 -28"><span class='ocrx_word' id='word_1_27' title='bbox 225 1389 374 1480; x_wconf 88' lang='lat' dir='ltr'>Repente</span> <span class='ocrx_word' id='word_1_28' title='bbox 391 1365 468 1456; x_wconf 87' lang='lat' dir='ltr'>cuin</span> <span class='ocrx_word' id='word_1_29' title='bbox 484 1384 576 1453; x_wconf 78' lang='lat' dir='ltr'>duo&#39;</span> <span class='ocrx_word' id='word_1_30' title='bbox 594 1384 730 1480; x_wconf 89' lang='lat' dir='ltr'>juvenes</span> <span class='ocrx_word' id='word_1_31' title='bbox 745 1387 850 1482; x_wconf 89' lang='lat' dir='ltr'>sparsi</span> <span class='ocrx_word' id='word_1_32' title='bbox 867 1385 1021 1481; x_wconf 89' lang='lat' dir='ltr'>pulvere,</span> 
     </span>
     <span class='ocr_line' id='line_1_7' title="bbox 225 1505 895 1613; baseline 0 -35"><span class='ocrx_word' id='word_1_33' title='bbox 225 1505 357 1578; x_wconf 87' lang='lat' dir='ltr'>deore</span> <span class='ocrx_word' id='word_1_34' title='bbox 375 1507 483 1613; x_wconf 88' lang='lat' dir='ltr'>multo</span> <span class='ocrx_word' id='word_1_35' title='bbox 504 1508 693 1609; x_wconf 86' lang='lat' dir='ltr'>diffluentes</span> <span class='ocrx_word' id='word_1_36' title='bbox 711 1506 895 1603; x_wconf 81' lang='lat' dir='ltr'>corpora³,</span> 
     </span>
    </p>
   </div>
   <div class='ocr_carea' id='block_1_3' title="bbox 229 1625 1047 1727">
    <p class='ocr_par' dir='ltr' id='par_1_3' title="bbox 229 1625 1047 1727">
     <span class='ocr_line' id='line_1_8' title="bbox 229 1625 1047 1727; baseline 0 -27"><span class='ocrx_word' id='word_1_37' title='bbox 229 1636 418 1701; x_wconf 83' lang='lat' dir='ltr'>Humanam</span> <span class='ocrx_word' id='word_1_38' title='bbox 440 1657 539 1727; x_wconf 91' lang='lat' dir='ltr'>supra</span> <span class='ocrx_word' id='word_1_39' title='bbox 558 1632 719 1720; x_wconf 88' lang='lat' dir='ltr'>formam,</span> <span class='ocrx_word' id='word_1_40' title='bbox 740 1631 872 1702; x_wconf 86' lang='lat' dir='ltr'>cuidam</span> <span class='ocrx_word' id='word_1_41' title='bbox 888 1625 1047 1701; x_wconf 75' lang='lat' dir='ltr'>servulot</span> 
     </span>
    </p>
   </div>
   <div class='ocr_carea' id='block_1_4' title="bbox 228 1747 1047 2219">
    <p class='ocr_par' dir='ltr' id='par_1_4' title="bbox 229 1747 1047 1974">
     <span class='ocr_line' id='line_1_9' title="bbox 229 1747 1047 1855; baseline -0.005 -26"><span class='ocrx_word' id='word_1_42' title='bbox 229 1758 393 1829; x_wconf 81' lang='lat' dir='ltr'>Mandant</span> <span class='ocrx_word' id='word_1_43' title='bbox 412 1774 450 1828; x_wconf 94' lang='lat' dir='ltr'>ut</span> <span class='ocrx_word' id='word_1_44' title='bbox 467 1759 509 1828; x_wconf 89' lang='lat' dir='ltr'>ad</span> <span class='ocrx_word' id='word_1_45' title='bbox 527 1785 563 1828; x_wconf 89' lang='lat' dir='ltr'>se</span> <span class='ocrx_word' id='word_1_46' title='bbox 585 1747 796 1855; x_wconf 83' lang='lat' dir='ltr'>provocent⁵</span> <span class='ocrx_word' id='word_1_47' title='bbox 819 1757 1023 1829; x_wconf 89' lang='lat' dir='ltr'>Simonidem</span> <span class='ocrx_word' id='word_1_48' title='bbox 1038 1783 1047 1844; x_wconf 90' lang='lat'>;</span> 
     </span>
     <span class='ocr_line' id='line_1_10' title="bbox 229 1877 851 1974; baseline 0.003 -26"><span class='ocrx_word' id='word_1_49' title='bbox 229 1877 323 1948; x_wconf 92' lang='lat' dir='ltr'>Illius</span> <span class='ocrx_word' id='word_1_50' title='bbox 346 1879 504 1948; x_wconf 85' lang='lat' dir='ltr'>interesse</span> <span class='ocrx_word' id='word_1_51' title='bbox 525 1905 567 1950; x_wconf 94' lang='lat' dir='ltr'>ne</span> <span class='ocrx_word' id='word_1_52' title='bbox 590 1880 689 1951; x_wconf 85' lang='lat' dir='ltr'>faciat</span> <span class='ocrx_word' id='word_1_53' title='bbox 711 1906 851 1974; x_wconf 86' lang='lat' dir='ltr'>moram.</span> 
     </span>
    </p>

    <p class='ocr_par' dir='ltr' id='par_1_5' title="bbox 228 1977 1027 2219">
     <span class='ocr_line' id='line_1_11' title="bbox 229 1977 1027 2098; baseline 0.001 -28"><span class='ocrx_word' id='word_1_54' title='bbox 229 2005 343 2070; x_wconf 90' lang='lat' dir='ltr'>Unum</span> <span class='ocrx_word' id='word_1_55' title='bbox 361 1995 600 2094; x_wconf 82' lang='lat' dir='ltr'>promoverat⁶</span> <span class='ocrx_word' id='word_1_56' title='bbox 618 1999 695 2070; x_wconf 76' lang='lat' dir='ltr'>*vix</span> <span class='ocrx_word' id='word_1_57' title='bbox 717 2002 838 2098; x_wconf 87' lang='lat' dir='ltr'>pedem</span> <span class='ocrx_word' id='word_1_58' title='bbox 860 1977 1027 2095; x_wconf 71' lang='lat' dir='ltr'>triclinio,</span> 
     </span>
     <span class='ocr_line' id='line_1_12' title="bbox 228 2123 998 2219; baseline 0.003 -27"><span class='ocrx_word' id='word_1_59' title='bbox 228 2126 339 2192; x_wconf 89' lang='lat' dir='ltr'>Homo</span> <span class='ocrx_word' id='word_1_60' title='bbox 363 2123 578 2219; x_wconf 84' lang='lat' dir='ltr'>perturbatus</span> <span class='ocrx_word' id='word_1_61' title='bbox 597 2125 719 2193; x_wconf 83' lang='lat' dir='ltr'>excitat</span> <span class='ocrx_word' id='word_1_62' title='bbox 743 2124 947 2194; x_wconf 82' lang='lat' dir='ltr'>Simonidem</span> <span class='ocrx_word' id='word_1_63' title='bbox 961 2133 998 2211; x_wconf 90' lang='lat'>7,</span> 
     </span>
    </p>
   </div>
   <div class='ocr_carea' id='block_1_5' title="bbox 230 2251 1031 2588">
    <p class='ocr_par' dir='ltr' id='par_1_6' title="bbox 230 2251 1031 2588">
     <span class='ocr_line' id='line_1_13' title="bbox 230 2251 992 2346; baseline 0 -28"><span class='ocrx_word' id='word_1_64' title='bbox 230 2251 342 2318; x_wconf 87' lang='lat' dir='ltr'>Ruina</span> <span class='ocrx_word' id='word_1_65' title='bbox 358 2275 502 2343; x_wconf 22' lang='lat' dir='ltr'>camarae·</span> <span class='ocrx_word' id='word_1_66' title='bbox 520 2251 631 2319; x_wconf 91' lang='lat' dir='ltr'>subito</span> <span class='ocrx_word' id='word_1_67' title='bbox 656 2252 826 2346; x_wconf 89' lang='lat' dir='ltr'>oppressit</span> <span class='ocrx_word' id='word_1_68' title='bbox 846 2266 992 2339; x_wconf 74' lang='lat' dir='ltr'>ceteros,</span> 
     </span>
     <span class='ocr_line' id='line_1_14' title="bbox 231 2362 1031 2466; baseline -0.004 -24"><span class='ocrx_word' id='word_1_69' title='bbox 231 2373 301 2442; x_wconf 89' lang='lat' dir='ltr'>Nec</span> <span class='ocrx_word' id='word_1_70' title='bbox 323 2370 381 2440; x_wconf 87' lang='lat' dir='ltr'>ulli</span> <span class='ocrx_word' id='word_1_71' title='bbox 395 2372 535 2465; x_wconf 84' lang='lat' dir='ltr'>juvenes</span> <span class='ocrx_word' id='word_1_72' title='bbox 556 2387 634 2440; x_wconf 88' lang='lat' dir='ltr'>sunt</span> <span class='ocrx_word' id='word_1_73' title='bbox 653 2362 804 2466; x_wconf 83' lang='lat' dir='ltr'>reperti⁸</span> <span class='ocrx_word' id='word_1_74' title='bbox 825 2371 868 2441; x_wconf 90' lang='lat' dir='ltr'>ad</span> <span class='ocrx_word' id='word_1_75' title='bbox 882 2373 1031 2465; x_wconf 88' lang='lat' dir='ltr'>januam.</span> 
     </span>
     <span class='ocr_line' id='line_1_15' title="bbox 233 2491 899 2588; baseline -0.005 -23"><span class='ocrx_word' id='word_1_76' title='bbox 233 2499 282 2565; x_wconf 91' lang='lat' dir='ltr'>Ut</span> <span class='ocrx_word' id='word_1_77' title='bbox 303 2509 352 2562; x_wconf 89' lang='lat' dir='ltr'>est</span> <span class='ocrx_word' id='word_1_78' title='bbox 373 2491 532 2588; x_wconf 84' lang='lat' dir='ltr'>vulgatus</span> <span class='ocrx_word' id='word_1_79' title='bbox 552 2493 636 2562; x_wconf 91' lang='lat' dir='ltr'>ordo</span> <span class='ocrx_word' id='word_1_80' title='bbox 662 2508 804 2563; x_wconf 77' lang='lat' dir='ltr'>narratae</span> <span class='ocrx_word' id='word_1_81' title='bbox 827 2496 899 2582; x_wconf 93' lang='lat' dir='ltr'>rei,</span> 
     </span>
    </p>
   </div>
   <div class='ocr_carea' id='block_1_6' title="bbox 233 2617 954 2810">
    <p class='ocr_par' dir='ltr' id='par_1_7' title="bbox 233 2617 954 2810">
     <span class='ocr_line' id='line_1_16' title="bbox 234 2617 954 2713; baseline -0.004 -24"><span class='ocrx_word' id='word_1_82' title='bbox 234 2623 360 2689; x_wconf 88' lang='lat' dir='ltr'>Omnes</span> <span class='ocrx_word' id='word_1_83' title='bbox 377 2618 525 2687; x_wconf 88' lang='lat' dir='ltr'>scierunt</span> <span class='ocrx_word' id='word_1_84' title='bbox 540 2618 727 2687; x_wconf 88' lang='lat' dir='ltr'>Numinum</span> <span class='ocrx_word' id='word_1_85' title='bbox 744 2617 954 2713; x_wconf 86' lang='lat' dir='ltr'>praesentiam</span> 
     </span>
     <span class='ocr_line' id='line_1_17' title="bbox 233 2739 869 2810; baseline -0.003 0"><span class='ocrx_word' id='word_1_86' title='bbox 233 2741 312 2810; x_wconf 92' lang='lat' dir='ltr'>Vati</span> <span class='ocrx_word' id='word_1_87' title='bbox 333 2740 584 2809; x_wconf 85' lang='lat' dir='ltr'>dedissevitam</span> <span class='ocrx_word' id='word_1_88' title='bbox 604 2739 766 2809; x_wconf 86' lang='lat' dir='ltr'>mercedis</span> <span class='ocrx_word' id='word_1_89' title='bbox 786 2739 869 2810; x_wconf 90' lang='lat' dir='ltr'>loco.</span> 
     </span>
    </p>
   </div>
   <div class='ocr_carea' id='block_1_7' title="bbox 235 2970 1222 3225">
    <p class='ocr_par' dir='ltr' id='par_1_8' title="bbox 235 2970 1222 3225">
     <span class='ocr_line' id='line_1_18' title="bbox 268 2970 1222 3032; baseline 0 -11"><span class='ocrx_word' id='word_1_90' title='bbox 268 2991 288 3022; x_wconf 87' lang='lat'>1.</span> <span class='ocrx_word' id='word_1_91' title='bbox 305 2972 393 3024; x_wconf 82' lang='lat' dir='ltr'>Melius</span> <span class='ocrx_word' id='word_1_92' title='bbox 406 2971 531 3022; x_wconf 84' lang='lat' dir='ltr'>abundans</span> <span class='ocrx_word' id='word_1_93' title='bbox 544 2971 652 3022; x_wconf 86' lang='lat' dir='ltr'>doctrina</span> <span class='ocrx_word' id='word_1_94' title='bbox 670 2970 748 3021; x_wconf 83' lang='lat' dir='ltr'>editor</span> <span class='ocrx_word' id='word_1_95' title='bbox 761 2970 912 3032; x_wconf 80' lang='lat' dir='ltr'>Schwabius,</span> <span class='ocrx_word' id='word_1_96' title='bbox 928 2987 958 3021; x_wconf 85' lang='lat' dir='ltr'>ex</span> <span class='ocrx_word' id='word_1_97' title='bbox 973 2971 1053 3022; x_wconf 83' lang='lat' dir='ltr'>Gudio</span> <span class='ocrx_word' id='word_1_98' title='bbox 1068 2987 1096 3022; x_wconf 85' lang='lat' dir='ltr'>sc</span> <span class='ocrx_word' id='word_1_99' title='bbox 1110 2972 1222 3032; x_wconf 81' lang='lat' dir='ltr'>Heinsio,</span> 
     </span>
     <span class='ocr_line' id='line_1_19' title="bbox 235 3063 351 3114; baseline 0 0"><span class='ocrx_word' id='word_1_100' title='bbox 235 3063 351 3114; x_wconf 81' lang='lat' dir='ltr'>dimissus.</span> 
     </span>
     <span class='ocr_line' id='line_1_20' title="bbox 269 3155 909 3225; baseline 0.003 -21"><span class='ocrx_word' id='word_1_101' title='bbox 269 3174 292 3204; x_wconf 68' lang='grc' dir='ltr'>α.</span> <span class='ocrx_word' id='word_1_102' title='bbox 307 3161 343 3206; x_wconf 83' lang='lat' dir='ltr'>Ex</span> <span class='ocrx_word' id='word_1_103' title='bbox 355 3155 414 3208; x_wconf 89' lang='lat' dir='ltr'>God.</span> <span class='ocrx_word' id='word_1_104' title='bbox 427 3159 480 3206; x_wconf 86' lang='lat' dir='ltr'>Per.</span> <span class='ocrx_word' id='word_1_105' title='bbox 496 3155 649 3207; x_wconf 84' lang='lat' dir='ltr'>Schwsbius:</span> <span class='ocrx_word' id='word_1_106' title='bbox 668 3159 723 3206; x_wconf 83' lang='lat' dir='ltr'>nuo</span> <span class='ocrx_word' id='word_1_107' title='bbox 738 3173 791 3206; x_wconf 84' lang='lat' dir='ltr'>cum</span> <span class='ocrx_word' id='word_1_108' title='bbox 809 3166 909 3225; x_wconf 82' lang='lat' dir='ltr'>repente.</span> 
     </span>
    </p>
   </div>
   <div class='ocr_carea' id='block_1_8' title="bbox 270 3245 1059 3404">
    <p class='ocr_par' dir='ltr' id='par_1_9' title="bbox 270 3245 1059 3404">
     <span class='ocr_line' id='line_1_21' title="bbox 270 3245 1059 3308; baseline 0.003 -14"><span class='ocrx_word' id='word_1_109' title='bbox 270 3249 293 3295; x_wconf 80' lang='lat'>3.</span> <span class='ocrx_word' id='word_1_110' title='bbox 308 3249 366 3296; x_wconf 85' lang='lat' dir='ltr'>Non</span> <span class='ocrx_word' id='word_1_111' title='bbox 377 3245 412 3294; x_wconf 82' lang='lat' dir='ltr'>ita</span> <span class='ocrx_word' id='word_1_112' title='bbox 423 3246 567 3308; x_wconf 81' lang='lat' dir='ltr'>necessaria,</span> <span class='ocrx_word' id='word_1_113' title='bbox 581 3247 629 3296; x_wconf 87' lang='lat' dir='ltr'>nisi</span> <span class='ocrx_word' id='word_1_114' title='bbox 642 3261 680 3296; x_wconf 88' lang='lat' dir='ltr'>rne</span> <span class='ocrx_word' id='word_1_115' title='bbox 693 3247 762 3306; x_wconf 74' lang='lat' dir='ltr'>sarto,</span> <span class='ocrx_word' id='word_1_116' title='bbox 777 3247 893 3298; x_wconf 84' lang='lat' dir='ltr'>Schefferi</span> <span class='ocrx_word' id='word_1_117' title='bbox 908 3246 1059 3300; x_wconf 79' lang='lat' dir='ltr'>emendatio:</span> 
     </span>
     <span class='ocr_line' id='line_1_22' title="bbox 352 3333 810 3404; baseline 0.002 -20"><span class='ocrx_word' id='word_1_118' title='bbox 352 3333 444 3384; x_wconf 79' lang='lat' dir='ltr'>Sudore</span> <span class='ocrx_word' id='word_1_119' title='bbox 459 3333 531 3383; x_wconf 73' lang='lat' dir='ltr'>multo</span> <span class='ocrx_word' id='word_1_120' title='bbox 548 3333 697 3398; x_wconf 76' lang='lat' dir='ltr'>deffluentes,</span> <span class='ocrx_word' id='word_1_121' title='bbox 713 3353 810 3404; x_wconf 83' lang='lat' dir='ltr'>corpore</span> 
     </span>
    </p>
   </div>
   <div class='ocr_carea' id='block_1_9' title="bbox 273 3424 1082 3862">
    <p class='ocr_par' dir='ltr' id='par_1_10' title="bbox 273 3424 1082 3862">
     <span class='ocr_line' id='line_1_23' title="bbox 356 3424 700 3494; baseline 0 -18"><span class='ocrx_word' id='word_1_122' title='bbox 356 3430 491 3476; x_wconf 82' lang='lat' dir='ltr'>Humanam</span> <span class='ocrx_word' id='word_1_123' title='bbox 504 3442 576 3494; x_wconf 70' lang='lat' dir='ltr'>snpra</span> <span class='ocrx_word' id='word_1_124' title='bbox 587 3424 700 3491; x_wconf 82' lang='lat' dir='ltr'>sormam.</span> 
     </span>
     <span class='ocr_line' id='line_1_24' title="bbox 273 3517 1082 3588; baseline -0.001 -19"><span class='ocrx_word' id='word_1_125' title='bbox 273 3529 298 3577; x_wconf 76' lang='grc'>4.</span> <span class='ocrx_word' id='word_1_126' title='bbox 317 3519 398 3580; x_wconf 86' lang='lat' dir='ltr'>Prius,</span> <span class='ocrx_word' id='word_1_127' title='bbox 414 3517 514 3572; x_wconf 76' lang='lat' dir='ltr'>servolo.</span> <span class='ocrx_word' id='word_1_128' title='bbox 533 3547 566 3556; x_wconf 93' lang='lat'>-</span> <span class='ocrx_word' id='word_1_129' title='bbox 587 3521 609 3569; x_wconf 87' lang='lat'>5.</span> <span class='ocrx_word' id='word_1_130' title='bbox 625 3519 731 3570; x_wconf 81' lang='lat' dir='ltr'>Pithseus</span> <span class='ocrx_word' id='word_1_131' title='bbox 747 3536 877 3588; x_wconf 87' lang='lat' dir='ltr'>omnesque</span> <span class='ocrx_word' id='word_1_132' title='bbox 889 3520 947 3578; x_wconf 82' lang='lat' dir='ltr'>alii,</span> <span class='ocrx_word' id='word_1_133' title='bbox 963 3530 1082 3588; x_wconf 83' lang='lat' dir='ltr'>provocet.</span> 
     </span>
     <span class='ocr_line' id='line_1_25' title="bbox 274 3609 745 3678; baseline 0 -18"><span class='ocrx_word' id='word_1_134' title='bbox 274 3614 299 3662; x_wconf 88' lang='grc'>6.</span> <span class='ocrx_word' id='word_1_135' title='bbox 318 3609 404 3661; x_wconf 84' lang='lat' dir='ltr'>Pithoei</span> <span class='ocrx_word' id='word_1_136' title='bbox 421 3609 603 3672; x_wconf 83' lang='lat' dir='ltr'>emendatione,</span> <span class='ocrx_word' id='word_1_137' title='bbox 616 3619 745 3678; x_wconf 83' lang='lat' dir='ltr'>promorat.</span> 
     </span>
     <span class='ocr_line' id='line_1_26' title="bbox 277 3700 1040 3769; baseline -0.004 -16"><span class='ocrx_word' id='word_1_138' title='bbox 277 3721 299 3764; x_wconf 83' lang='lat'>7.</span> <span class='ocrx_word' id='word_1_139' title='bbox 318 3702 450 3769; x_wconf 84' lang='lat' dir='ltr'>Utriusque</span> <span class='ocrx_word' id='word_1_140' title='bbox 462 3718 542 3752; x_wconf 74' lang='lat' dir='ltr'>versun</span> <span class='ocrx_word' id='word_1_141' title='bbox 559 3701 664 3752; x_wconf 83' lang='lat' dir='ltr'>Pithoeus</span> <span class='ocrx_word' id='word_1_142' title='bbox 680 3700 789 3752; x_wconf 85' lang='lat' dir='ltr'>ordinem</span> <span class='ocrx_word' id='word_1_143' title='bbox 807 3702 954 3769; x_wconf 83' lang='lat' dir='ltr'>transponit,</span> <span class='ocrx_word' id='word_1_144' title='bbox 968 3710 1040 3754; x_wconf 79' lang='lat' dir='ltr'>recte.</span> 
     </span>
     <span class='ocr_line' id='line_1_27' title="bbox 278 3794 817 3862; baseline 0.004 -20"><span class='ocrx_word' id='word_1_145' title='bbox 278 3798 302 3844; x_wconf 85' lang='lat'>8.</span> <span class='ocrx_word' id='word_1_146' title='bbox 322 3795 416 3855; x_wconf 85' lang='lat' dir='ltr'>Primo,</span> <span class='ocrx_word' id='word_1_147' title='bbox 432 3794 548 3862; x_wconf 81' lang='lat' dir='ltr'>repperti,</span> <span class='ocrx_word' id='word_1_148' title='bbox 564 3794 676 3862; x_wconf 83' lang='lat' dir='ltr'>priorep</span> <span class='ocrx_word' id='word_1_149' title='bbox 691 3803 817 3862; x_wconf 82' lang='lat' dir='ltr'>expuncto.</span> 
     </span>
    </p>
   </div>
   <div class='ocr_carea' id='block_1_10' title="bbox 0 0 1601 5218">
    <p class='ocr_par' dir='ltr' id='par_1_11' title="bbox 0 0 1601 5218">
     <span class='ocr_line' id='line_1_28' title="bbox 0 0 1601 5218; baseline 0 0"><span class='ocrx_word' id='word_1_150' title='bbox 0 0 1601 5218; x_wconf 95' lang='lat' dir='ltr'> </span> 
     </span>
    </p>
   </div>
  </div>
 </body>
</html>
