3200 5214
619 644 829 708 crissen.
1176 635 1223 733 39

232 793 425 889 lacumque
450 788 515 860 illa
528 805 619 887 post
636 805 783 860 mortem
805 803 929 870 erunt,
956 785 1090 884 legibus
1109 793 1228 886 pon‘ns

230 943 341 1015 qaam
368 914 456 985 mihi
472 919 628 1009 permisi
646 919 892 1010 permittoqae,
929 915 1051 982 Unum
1079 927 1165 1008 opto
1192 929 1229 982 et

230 1064 352 1136 spero,
375 1053 428 1134 at⁸
441 1059 550 1134 quem
585 1042 624 1105 ia
651 1061 710 1105 me
739 1041 903 1106 animam
935 1034 1154 1104 charissima
1183 1059 1227 1106 ac

225 1163 490 1262 probatissima
511 1160 671 1256 conyngis
688 1163 790 1230 oivzn
813 1173 980 1254 coopertus
1000 1181 1098 1244 sum,
1122 1182 1223 1244 eam:

230 1286 309 1356 dem
337 1291 374 1355 in
401 1282 652 1354 communibus
676 1281 795 1352 liberis
820 1279 1034 1367 educandis,
1062 1279 1227 1369 tuendis,

229 1405 471 1504 curandisque
483 1423 598 1502 gerat.
620 1408 675 1476 Sit
687 1404 769 1475 hcec
785 1402 890 1501 apud
899 1418 1067 1501 posteros
1086 1411 1226 1475 testatio

230 1536 357 1601 menn's
386 1553 499 1613 meoe,
529 1551 644 1624 qaam
668 1525 716 1596 ab
748 1525 817 1596 illis
842 1530 894 1596 sic
925 1525 1079 1597 candide
1109 1531 1230 1625 accipi
1317 1563 1321 1574 =

232 1651 356 1737 velim,
386 1667 428 1722 nt
450 1648 662 1748 simpliciter
680 1665 715 1720 et
734 1656 909 1746 ingenae,
941 1673 989 1719 ex
1013 1655 1133 1720 animi
1156 1659 1229 1722 mei

231 1780 403 1846 sententia
422 1773 447 1844 ὰ
469 1798 527 1843 me
539 1773 689 1869 prolata
710 1789 772 1844 est.

283 1905 395 1986 Veni,
429 1902 605 1983 Domine,
631 1915 665 1969 ec
691 1903 865 1968 miserere.
917 1901 1044 1970 Petnss
1067 1898 1230 1970 Pithoeus

230 2027 375 2120 scripsi,
401 2019 485 2092 Kal.
510 2019 793 2106 Novembribus,
815 2018 933 2090 natali
949 2021 1133 2118 qnondam
1150 2047 1230 2092 meo

233 2144 312 2231 die,
336 2149 488 2215 lutetia
520 2149 755 2214 Parisiorum.
791 2146 903 2212 Anno
939 2143 1070 2215 Christi
1077 2141 1230 2242 ,1587.»

292 2271 360 2338 Les
391 2266 581 2336 honneurs
612 2264 747 2336 rendus
781 2267 802 2333 i
835 2289 872 2334 sa
900 2271 1077 2338 memoire
1107 2265 1230 2339 iurent

236 2390 362 2486 dignes
377 2388 506 2460 d’aussi
527 2391 729 2460 eminentes
744 2388 910 2485 qualitis.
929 2392 1023 2487 Cinq
1038 2389 1232 2463 historiens

235 2526 301 2583 ont
317 2514 408 2582 ecrit
426 2535 464 2581 sa
482 2514 550 2582 vie.
570 2540 587 2575 ι(
601 2516 701 2581 Dans
715 2510 766 2580 les
781 2509 943 2584 derniers
957 2510 1146 2584 honneurs
1158 2539 1231 2611 que

234 2637 268 2706 la
293 2635 377 2705 ville
397 2635 442 2705 de
465 2637 600 2732 Troyes
618 2631 740 2704 rendit
763 2636 843 2704 nce
865 2637 1009 2732 citoyen
1030 2639 1093 2734 qui
1118 2637 1235 2709 l’avait

234 2773 313 2830 tant
335 2757 521 2845 honorio,
550 2755 606 2828 dit
632 2755 706 2826 l’un
731 2755 882 2846 d'eux1,
903 2758 970 2829 elle
995 2759 1063 2830 alla
1086 2759 1232 2833 ati-delii

233 2882 352 2952 meme
371 2880 416 2951 de
436 2905 477 2951 ce
495 2906 567 2978 que
586 2880 619 2950 le
638 2879 764 2952 devoir
780 2885 897 2952 aurait
915 2905 968 2980 pu
989 2885 1110 2980 exiger
1128 2883 1231 2956 d'elle

232 3029 328 3103 pour
347 3029 398 3075 un
422 2987 650 3100 gouverneur
672 3002 718 3074 de
736 3008 912 3102 province
928 3015 955 3074 ².
972 3035 988 3070 s

279 3131 314 3198 Si
334 3153 430 3200 nous
448 3151 542 3198 nous
567 3153 726 3198 sommes
752 3131 843 3200 ainsi
864 3127 1000 3201 etendu
1023 3156 1085 3202 sur
1110 3135 1231 3204 Pierre

231 3248 384 3337 Pithon,
401 3247 487 3320 c’est
502 3274 574 3346 que
588 3273 626 3319 sa
641 3250 774 3344 gloire,
789 3254 910 3322 moins
925 3275 1070 3323 connue
1087 3255 1230 3350 aujour-

233 3371 335 3442 d’hui
348 3376 463 3470 parmi
482 3398 576 3445 nous
591 3373 722 3470 qu'elle
736 3377 934 3445 meriterait
947 3375 992 3446 de
1004 3375 1121 3466 l’itre,
1137 3403 1233 3449 nous

234 3520 255 3565 a
274 3494 412 3566 semble
432 3495 559 3568 devoir
580 3495 657 3566 ine
676 3497 862 3594 rappelee,
888 3501 909 3568 ὲ
932 3498 1124 3570 l’occasion
1145 3500 1231 3573 d’un

235 3632 454 3687 monument
475 3617 563 3715 qu'il
587 3615 689 3688 afait
711 3619 898 3692 connaitre
924 3622 957 3692 le
981 3626 1139 3721 premier
1157 3627 1177 3695 ὲ
1199 3626 1231 3694 ia

282 3894 305 3929 1.
328 3871 431 3930 Boivin
446 3872 503 3929 citi
520 3891 575 3948 par
586 3873 720 3949 Grosley,
736 3885 804 3932 tom.
821 3879 850 3943 1,
866 3893 931 3954 pag.
946 3877 1011 3937 300.

280 4024 308 4062 a.
330 4009 406 4064 Tout
426 4005 451 4062 le
472 4004 624 4063 luminaire
642 4005 712 4062 nait
726 4025 782 4064 aux
797 4026 890 4065 armes
903 4007 940 4066 de
954 4009 981 4066 le
996 4008 1073 4066 viiie.

1011 4113 1032 4183 3
