3200 5214
377 629 421 702 38
765 633 971 698 rnirscn

372 779 522 871 darique
540 783 679 873 optavi5
696 783 874 874 perverti,
899 782 1096 858 immutari,
1126 783 1267 859 novari,
1296 793 1363 846 aut

365 901 578 999 perturbari
591 907 756 998 penitus,
780 926 968 995 nunquam
993 906 1119 997 cupivi.
1148 906 1277 970 Pacem
1301 900 1365 971 uel

373 1029 561 1120 injustam,
590 1027 693 1122 quod
720 1025 819 1096 bonu
855 1032 1016 1095 omnium
1046 1022 1219 1095 bonorum
1252 1029 1361 1095 uenia

371 1146 539 1232 dixerim,
555 1146 715 1218 civilibus
722 1147 907 1218 discordiis
917 1146 1080 1243 belloque
1087 1151 1260 1244 potiorem
1272 1171 1362 1217 sem·

367 1295 438 1367 per
449 1275 587 1367 putavi.
611 1275 759 1340 Pietatis
781 1285 818 1340 et
838 1266 1019 1363 religionis
1044 1284 1275 1340 sacrosancta
1297 1295 1361 1339 no-

372 1400 473 1466 mina
486 1394 679 1464 ambitioni
688 1409 799 1490 atque
817 1397 978 1462 avaritia
986 1398 1150 1490 pruteni
1163 1408 1199 1461 et
1213 1391 1365 1462 obtendi

370 1524 516 1616 gravius
541 1515 618 1588 tuli.
641 1515 803 1588 Melioris
824 1521 1046 1612 antiquitatis
1072 1540 1149 1586 non
1167 1515 1361 1612 indiligens

372 1645 568 1735 inquisitor,
593 1639 799 1710 admirator
813 1655 848 1710 et
863 1638 979 1711 cultor
996 1644 1168 1709 novitates
1177 1638 1293 1728 facile
1310 1646 1361 1710 in-

371 1789 482 1862 super
501 1763 622 1834 lzubui.
648 1768 875 1855 Quaestiones
897 1787 1014 1833 vanus
1031 1763 1361 1859 disputationesque

371 1887 571 1960 subtiliores
583 1886 630 1956 de
639 1891 682 1956 iis
695 1911 781 1983 quoe
793 1887 846 1956 ad
855 1892 974 1957 Deam
981 1892 1166 1982 pertinent
1178 1902 1217 1956 ut
1228 1892 1360 1956 noxias

372 2013 439 2083 odi
456 2037 502 2082 ac
509 2014 609 2106 fugi.
633 2009 900 2108 Simplicitatem
920 2010 1117 2105 prudentia
1135 2012 1260 2106 aliqua
1280 2034 1361 2080 con-

371 2135 480 2206 ditum
506 2151 542 2205 et
564 2148 730 2232 septam,
761 2139 896 2204 astutia
922 2148 956 2202 et
981 2131 1172 2203 calliditate
1198 2139 1360 2204 tutiorem

360 2259 632 2357 felicioremque
645 2265 777 2356 sapius
792 2273 958 2356 expertus
971 2281 1062 2328 sum.
1079 2262 1185 2329 Recte
1197 2257 1361 2328 derebus

360 2381 561 2479 judicandi
585 2381 764 2468 studium,
796 2380 1010 2478 eloquentia
1037 2380 1175 2451 artibus
1201 2380 1358 2477 pratuli.

369 2504 504 2576 Procul
535 2504 673 2576 ambitu
705 2523 816 2601 atque
846 2511 1009 2575 avaritia
1025 2504 1233 2601 invidiaque
1268 2509 1363 2575 inter

345 2637 348 2644 '
369 2632 501 2700 amicos
508 2628 649 2726 plures,
668 2653 713 2698 ac
728 2628 1105 2724 bonospotentesque,
1117 2627 1272 2715 fortuna
1286 2653 1359 2698 non

364 2757 477 2850 plane
493 2753 641 2853 infima,
658 2750 843 2822 sollicitius
860 2751 1050 2848 aliquanto
1061 2757 1144 2822 viui
1159 2777 1271 2848 quam
1281 2759 1358 2849 pri-

370 2892 486 2945 vatum
493 2877 664 2966 fortassis
679 2874 825 2945 decuit:
851 2875 895 2944 de
906 2875 1062 2971 publicis
1078 2891 1196 2945 tamen
1214 2893 1250 2946 et
1268 2882 1357 2946 umi-

369 3023 493 3069 corum
518 2998 623 3067 rebus
647 3003 757 3092 magis
788 3022 896 3094 quam
927 2997 975 3067 de
997 3004 1154 3096 propriis
1181 3007 1355 3096 cogitans.

372 3121 519 3195 Nullam
536 3121 631 3190 duxi
648 3124 842 3216 gratiorem
860 3119 968 3208 diem,
988 3149 1099 3219 quam
1116 3148 1190 3220 quo
1204 3122 1356 3219 publico

369 3262 436 3316 aut
455 3249 579 3314 amicis
602 3243 727 3313 adesse
744 3259 808 3313 aut
823 3243 996 3342 prodesse
1017 3247 1143 3316 datum
1168 3263 1228 3316 est.
1252 3245 1357 3316 Mala

365 3374 559 3467 prasentia
573 3392 685 3464 quam
699 3384 829 3437 metum
842 3368 1122 3467 impendentium
1123 3371 1263 3464 fortius
1273 3369 1353 3452 tuli,

368 3493 763 3589 extremaquefacilius
783 3516 890 3590 quarn
911 3492 1036 3563 dubia.
1064 3498 1191 3579 Recta,
1216 3497 1355 3564 sincera

367 3635 401 3688 et
421 3615 596 3714 oequobili
615 3632 727 3713 atque
756 3621 935 3688 constanti
957 3622 1050 3685 inter
1064 3640 1183 3686 omnes
1200 3619 1356 3711 justitias

367 3739 696 3822 administratione,
724 3742 830 3806 etiam
856 3737 1130 3807 sceleratissimis
1155 3754 1265 3834 atque
1287 3762 1355 3807 uu-

366 3865 561 3933 dacissimis
582 3885 621 3930 os
646 3859 799 3944 occludi,
822 3882 948 3929 manus
967 3857 1146 3952 obligari,
1167 3861 1264 3945 uidi,
1289 3884 1360 3930 ea·

357 4000 481 4081 pertus
497 4007 587 4052 sum.
611 3985 668 4054 De
683 3985 904 4076 patrimonio
924 4005 967 4049 nc
984 3981 1081 4051 bonis
1099 3987 1187 4051 meis
1201 3996 1354 4077 quantu·
