3140 5212
376 605 440 676 »36
515 628 657 676 eumont
680 629 897 676 rerureuurr
924 627 990 674 ur.
1008 628 1040 690 r,
1060 627 1137 674 ree.
1158 629 1213 674 αα.

575 861 844 932 MUSTELA
875 863 942 930 ET
971 863 1145 932 HOMO.

365 1068 554 1138 *Musrrrt
563 1067 605 1136 ab
614 1067 752 1136 bomine
762 1088 982 1160 preum‚cum
992 1064 1173 1136 instantem
1179 1091 1296 1136 necem
1308 1065 1361 1120 *¹⁴

362 1189 520 1284 Effugere
539 1188 663 1258 vellet:
685 1190 834 1277 Quum,
862 1187 990 1282 iuquit,
1018 1184 1136 1282 parce¹
1158 1189 1243 1258 mihi

362 1317 447 1406 Quae
464 1315 526 1383 tibi
546 1313 696 1382 molestis
713 1311 867 1380 muribus
884 1335 994 1406 purgo
1014 1311 1165 1382 domum.

363 1436 550 1532 Respondit
569 1435 650 1506 itte:
679 1438 835 1507 Facerem
851 1446 878 1522 ²,
897 1435 925 1502 si
943 1431 1068 1504 causa³
1087 1460 1162 1506 meu

363 1564 508 1632 Gratum
529 1573 635 1648 esset;
661 1555 854 1628 dedissemt
883 1559 1014 1628 venium
1032 1558 1186 1655 supplici.

361 1687 463 1755 Nunc
482 1684 560 1779 quia
579 1681 711 1754 labores
729 1698 769 1752 ut
784 1665 907 1752 frueris
925 1681 1076 1776 reliquiis

361 1811 447 1898 Quae
465 1821 545 1876 sunt
567 1807 698 1894 mouri,
718 1803 819 1876 simul
840 1820 874 1874 et
896 1805 984 1900 ipsos
1006 1804 1166 1894 devores,

362 1927 448 2026 [Hic
471 1926 626 2022 intellege
634 1915 661 2014 ⁵,
678 1927 827 1996 Soricem
847 1953 916 1998 esse
933 1929 1063 2022 generis
1080 1927 1300 2028 masculini]⁶

361 2052 442 2124 Noli
459 2077 513 2120 me
529 2059 672 2146 putare7
694 2074 818 2120 vanum
840 2051 1043 2122 beneficium
1061 2054 1157 2124 mihi.

360 2179 471 2271 Atque
498 2177 544 2245 ita
566 2174 698 2246 locutus
721 2175 910 2270 improbam
935 2176 1003 2247 leto
1027 2176 1130 2248 dedit.

407 2305 481 2370 Hoc
498 2301 532 2369 in
554 2325 589 2368 se
606 2298 735 2370 dictum
750 2298 874 2370 debent
892 2298 942 2370 itti
960 2324 1164 2395 agnoscere,

359 2429 515 2516 Quorum
537 2423 667 2519 privato
687 2423 789 2492 servit
809 2422 937 2492 utilitas
961 2424 1046 2513 sibi,

359 2554 403 2620 Et
424 2549 582 2618 meritum
611 2549 710 2617 inane
727 2548 857 2640 jactant
875 2547 1156 2642 imprudentibus.

396 2818 417 2850 r.
432 2801 539 2851 Pitboeue
552 2817 558 2850 :
573 2817 669 2868 parcas.
692 2805 824 2852 Burmann.
836 2800 926 2868 utique
944 2816 951 2850 z
970 2818 1064 2872 quoeso,
1075 2819 1168 2872 parce,
1187 2803 1270 2872 iuquit.
1288 2807 1354 2855 Ben-

359 2891 429 2943 tieius
442 2907 549 2960 :parce,
564 2908 661 2960 quoeso,
681 2891 763 2958 inquit.
776 2890 822 2942 Cui
835 2891 962 2943 obsecutus
975 2893 1013 2945 Cl.
1031 2893 1154 2945 Schwabe.

394 3003 418 3037 2.
433 2984 536 3044 Melius,
550 2992 576 3034 ut
593 2983 668 3043 solet,
682 2982 834 3044 Schwebius,
852 2984 980 3036 eltomulo
995 2984 1050 3034 niv.
1065 3001 1073 3034 :
1085 2983 1193 3049 sereres,
1212 3001 1261 3052 quo
1277 2983 1353 3034 verbo

359 3087 451 3130 mutato
468 3078 502 3128 sie
516 3075 687 3128 scribendum:

359 3206 366 3219 .
382 3207 388 3218 .
400 3206 406 3218 .
422 3206 428 3219 .
440 3206 447 3219 .
459 3172 560 3218 Faceres
571 3167 592 3215 si
608 3183 681 3215 ceusu
691 3182 756 3224 meu,
769 3176 864 3233 gratum
876 3179 941 3218 esset.

391 3265 416 3313 3.
432 3260 512 3310 Primo
531 3276 640 3317 cemani,
659 3259 738 3309 littere
753 3275 776 3308 m
793 3259 825 3310 ub
840 3260 893 3328 ipso
911 3261 1010 3312 librario
1023 3271 1150 3330 expuam.

390 3365 414 3412 4.
432 3353 537 3405 Pithoeus
550 3351 686 3402 emendavit
703 3361 728 3399 et
748 3349 871 3402 dedissem.
888 3383 921 3392 -
939 3355 963 3406 5.
978 3348 1024 3406 Sic.

389 3448 413 3496 6,
432 3445 514 3496 Verba
527 3444 594 3496 uncie
610 3443 701 3496 inclusa
717 3445 826 3515 citraque
843 3446 1029 3498 oontrovereiem
1043 3463 1057 3498 e
1074 3447 1149 3513 giumo
1165 3447 1192 3497 iu
1208 3455 1347 3498 contextum

377 3539 475 3591 librario
492 3539 593 3601 ineerta,
610 3547 675 3590 recte
687 3539 768 3591 omisit
784 3539 898 3594 Pitboeue.

388 3649 411 3692 7.
433 3631 543 3682 Correxit
554 3629 675 3693 Pitboeus,
694 3633 815 3701 imputare.

761 3873 923 4041 W
977 3943 979 3948 ,
