3140 5212
311 699 316 708 .
364 671 504 716 mum
525 673 827 721 numanum.
848 673 891 735 11,
912 671 989 716 m.
1014 645 1045 716 8.
1151 644 1217 740 159
1291 654 1296 664 ‘

226 901 292 971 Sed
314 900 369 972 ille
391 905 449 998 qui
472 903 585 975 oculos
607 921 741 976 centum
765 907 886 991 habet,
909 905 937 973 si
961 887 1107 985 venerit‚

225 1029 374 1121 Magno¹
405 1028 439 1095 in
461 1028 631 1122 periculo²
654 1030 723 1099 vita
741 1044 889 1100 vertetur
910 1043 978 1098 tua.

224 1163 301 1227 Haec
323 1160 409 1227 inter
428 1161 498 1253 ipse
518 1159 674 1229 dominus
694 1186 714 1229 a
732 1152 838 1231 cena3
860 1158 971 1237 redit,

224 1284 266 1348 Et
285 1259 366 1374 <juia
388 1297 565 1376 corruptos
584 1283 711 1353 viderat
732 1285 834 1354 boves
850 1309 960 1379 nuper
974 1279 1011 1368 ¹5,

223 1405 360 1476 Accedit
376 1407 420 1476 ad
435 1397 599 1502 presepe⁵
615 1436 622 1478 :
642 1413 713 1480 Cur
731 1408 860 1479 frondis
877 1433 997 1502 parum
1016 1406 1094 1475 est?

224 1532 413 1598 Stramenta
432 1529 582 1600 desunt?
602 1530 734 1601 Tollere
754 1533 825 1601 haec
847 1554 968 1600 aranea

226 1649 418 1737 *Quantum
437 1668 486 1722 est
504 1652 655 1722 laboris?
672 1657 764 1724 Dum
782 1666 949 1722 scrutatur
965 1647 1110 1744 singula,
1162 1647 1216 1706 *²7

226 1773 324 1840 Cervi
345 1798 479 1869 quoque
500 1791 549 1844 est
570 1775 638 1844 alta
665 1777 876 1870 conspicatus
895 1797 1032 1843 cornua.

224 1893 335 1981 Quem
356 1910 540 1965 convocata
559 1897 657 1990 jubet
680 1898 788 1968 occidi
812 1895 959 1983 familia,

223 2015 473 2114 Praedumquc⁶
498 2020 596 2090 tollit.
620 2026 699 2091 Haec
721 2021 888 2118 significat
910 2018 1023 2090 fabula

224 2143 408 2212 Dominum
432 2144 544 2213 videre
565 2144 749 2239 plurimum
773 2146 807 2213 in
833 2145 932 2214 rebus
953 2143 1030 2212 suis.

262 2410 282 2441 1.
298 2393 383 2452 Prius,
400 2409 504 2460 magna,
525 2393 591 2459 quod
604 2393 684 2442 statim
697 2392 851 2443 emendatum
865 2391 898 2441 ita
913 2399 940 2441 ut
957 2389 1013 2440 dedi
1024 2405 1104 2456 supra.

260 2502 282 2532 α.
298 2488 374 2534 Recte
387 2485 509 2545 Pilhoeus,
522 2483 622 2553 periclo.
641 2513 674 2522 -
692 2487 716 2535 3.
733 2485 779 2535 Sic.

259 2584 283 2632 4.
299 2575 421 2636 Pithoeus,
439 2593 513 2645 napa
529 2575 618 2627 boves:
636 2576 708 2627 metri
720 2593 799 2627 cause.
818 2605 850 2614 -
871 2576 894 2625 5.
911 2575 958 2626 Sic.

258 2670 282 2717 6,
300 2667 352 2728 Sic,
368 2684 412 2734 pro
424 2666 585 2738 predamque.

523 3214 799 3552 ἐξ
