3140 5212
347 686 488 736 annom
509 689 728 738 naumann
741 691 806 737 mo.
827 692 886 754 111,
907 692 984 739 ran.
1006 670 1037 742 3.
1118 672 1184 766 169

352 919 587 988 AESOPUS
622 921 688 988 ET
722 921 1030 992 RUSTICUS.

202 1111 277 1178 Usn
302 1107 429 1200 peritus
453 1106 583 1177 hariolo
612 1106 780 1178 velocior¹

202 1229 314 1324 Vulgo
335 1255 432 1300 causa
454 1231 559 1300 fertur
579 1231 723 1301 sednon
745 1231 868 1301 dicitur
880 1241 918 1318 ²,

200 1357 355 1426 Notescet
373 1350 461 1449 que³
483 1379 574 1424 nunc
593 1356 741 1450 primum
759 1355 879 1425 sabetla
903 1381 988 1425 mea.

250 1476 393 1544 Habenti
419 1476 553 1546 cuidam
574 1502 695 1572 pecora
712 1491 916 1573 pepererunt
929 1504 1006 1548 oves

202 1599 317 1692 Agnos
336 1600 485 1669 humano
506 1601 625 1695 capite.
650 1604 805 1670 Monstro
824 1602 1044 1694 perterritus⁴

203 1720 256 1789 Ad
275 1711 520 1792 consolendos⁵
541 1725 646 1793 currit
664 1719 820 1792 merens⁶
839 1722 1018 1793 hariolusr.

201 1844 265 1913 Hic
286 1845 451 1939 pertinere
472 1846 515 1915 ad
534 1846 662 1916 domini
679 1837 882 1941 respondit8
903 1863 1021 1943 caput,

200 1971 244 2037 Et
268 1968 484 2039 avertendum
509 1971 646 2039 victima
667 1968 864 2064 periculum.

201 2091 262 2164 Ille
281 2111 392 2166 autem
416 2095 570 2166 adfirmat
595 2097 772 2192 conjugem
791 2121 862 2168 esse
882 2095 1067 2166 adulteram

201 2220 243 2286 Et
267 2219 416 2289 insitivos
434 2217 641 2314 significari*
668 2218 814 2288 liberos:
1131 2210 1185 2262 *33

200 2339 268 2408 Sed
286 2341 412 2434 expiari
438 2365 533 2435 posse
555 2341 675 2432 majori
697 2340 816 2408 hostia.

201 2462 293 2549 Quid
312 2461 418 2531 multa
440 2462 454 2530 Ρ
475 2463 576 2530 variis
593 2461 754 2532 dissident
775 2461 965 2548 sententiis,

199 2583 450 2678 Hominesque9
469 2609 584 2654 curam
604 2609 684 2654 cura
703 2584 830 2676 majore
851 2583 1045 2679 adgravant.

234 2855 255 2885 1.
269 2836 395 2888 «Pithoeus
408 2847 432 2888 et
444 2836 577 2901 Rigahim,
594 2835 675 2904 inquit
685 2834 832 2886 doctissimus
842 2835 919 2886 editor
926 2834 1088 2897 Vinarienne,
1103 2851 1185 2887 emen-

198 2952 211 2972 κ
222 2929 281 2979 dant
293 2929 417 2990 auarior,
433 2930 510 2980 invito
527 2929 658 2980 Gronovio.
674 2928 738 2978 Vide
751 2931 808 2980 Not.
828 2927 916 2979 scheff.
935 2929 982 2978 Sed
995 2926 1101 2978 velocior
1112 2939 1147 2980 est
1159 2929 1186 2980 in

198 3045 211 3065 α
220 3024 272 3072 MS.
284 3022 347 3073 Pith.
360 3023 429 3074 etita
442 3021 516 3073 editio
529 3021 647 3090 princeps.
658 3046 670 3065 »ι
682 3020 732 3071 Ubi
743 3037 800 3072 vero
811 3021 1002 3072 emendationem
1013 3021 1070 3072 dare
1080 3023 1186 3090 potuerit

197 3115 317 3176 Pithoeus‚
335 3115 378 3181 qui
391 3125 445 3183 post
460 3115 586 3167 Phoedrum
601 3116 707 3175 editum,
725 3114 818 3165 duobos
833 3115 872 3166 vix
888 3114 974 3182 elapsis
986 3114 1121 3176 mensibus,
1136 3116 1184 3166 vita

197 3206 311 3268 decessit,
326 3224 375 3257 non
388 3207 503 3258 videmus.
521 3212 563 3258 Est
575 3207 672 3274 quidem
685 3207 792 3274 proiecto
810 3207 919 3255 veracior
930 3207 957 3256 in
966 3209 1026 3273 Reg.
1039 3208 1182 3274 exemplari,

197 3314 269 3349 manu
282 3307 378 3360 notato,
395 3298 486 3366 dequo
500 3299 554 3350 vide
566 3300 631 3366 pref.
644 3308 730 3349 nostra
742 3313 795 3364 pag.
809 3300 856 3359 80,
870 3297 901 3347 ad
911 3299 1008 3348 calcem.

229 3426 254 3458 a.
270 3407 380 3459 Editoree
391 3424 421 3457 ex
431 3407 522 3458 Pithoeo
534 3425 540 3459 :
554 3408 634 3475 Vulgo
649 3425 698 3456 esse
705 3405 795 3471 fertur,
803 3423 876 3457 causa
888 3405 932 3456 sed
942 3424 991 3456 nore
1003 3406 1094 3457 dieitur.

231 3511 253 3560 3.
270 3509 327 3568 sie,
345 3525 391 3576 pro
403 3527 464 3578 quoe.

229 3629 253 3674 t.
271 3617 375 3668 Pithoeus
390 3635 418 3669 ac
429 3619 516 3686 reliqui
529 3618 650 3669 editores:
670 3616 802 3667 exterritus.

229 3719 253 3768 5.
266 3717 317 3778 Sic,
330 3735 374 3786 pro
390 3717 550 3769 consulendos.
566 3748 599 3757 -
616 3721 641 3768 6.
655 3718 701 3768 Sic.

229 3839 251 3883 7.
265 3823 317 3883 Sic,
335 3839 380 3890 pro
397 3821 507 3872 hariolos.
524 3852 557 3861 -
569 3826 591 3873 8.
610 3823 735 3884 Editores‚
752 3819 884 3891 respondet.

228 3948 251 3994 9.
269 3931 386 3990 Pithoeus,
403 3933 575 4003 Hominisque:
596 3934 661 4000 quod
680 3942 707 3984 ut
726 3932 820 3985 Codicis
838 3931 907 3982 lectio
923 3937 1045 3997 receptum
1064 3937 1108 3978 est.

195 4032 273 4073 tamen
289 4036 463 4091 proposuerunt
485 4026 630 4093 Homim'que.

954 4149 1007 4194 ΙΙ.
