<?xml version="1.0" encoding="UTF-8"?>
<!DOCTYPE html PUBLIC "-//W3C//DTD XHTML 1.0 Transitional//EN"
    "http://www.w3.org/TR/xhtml1/DTD/xhtml1-transitional.dtd">
<html xmlns="http://www.w3.org/1999/xhtml" xml:lang="en" lang="en">
 <head>
  <title>
</title>
<meta http-equiv="Content-Type" content="text/html;charset=utf-8" />
  <meta name='ocr-system' content='tesseract 3.04.00' />
  <meta name='ocr-capabilities' content='ocr_page ocr_carea ocr_par ocr_line ocrx_word'/>
</head>
<body>
  <div class='ocr_page' id='page_1' title='image "./fabularumaesopi00phaegoog_0172.png"; bbox 0 0 3140 5212; ppageno 0'>
   <div class='ocr_carea' id='block_1_1' title="bbox 292 621 1185 708">
    <p class='ocr_par' dir='ltr' id='par_1_1' title="bbox 292 621 1185 708">
     <span class='ocr_line' id='line_1_1' title="bbox 292 621 1185 708; baseline 0.004 -20"><span class='ocrx_word' id='word_1_1' title='bbox 292 643 432 690; x_wconf 80' lang='lat' dir='ltr'><strong>rnnoru</strong></span> <span class='ocrx_word' id='word_1_2' title='bbox 449 641 688 708; x_wconf 69' lang='lat' dir='ltr'><strong>urrunnun,</strong></span> <span class='ocrx_word' id='word_1_3' title='bbox 703 645 771 692; x_wconf 70' lang='grc' dir='ltr'><strong>ιιι.</strong></span> <span class='ocrx_word' id='word_1_4' title='bbox 792 644 854 708; x_wconf 90' lang='lat' dir='ltr'><strong>ur,</strong></span> <span class='ocrx_word' id='word_1_5' title='bbox 868 643 1062 692; x_wconf 80' lang='lat' dir='ltr'><strong>ruoroous.</strong></span> <span class='ocrx_word' id='word_1_6' title='bbox 1120 621 1185 692; x_wconf 77' lang='lat'><strong>165</strong></span> 
     </span>
    </p>
   </div>
   <div class='ocr_carea' id='block_1_2' title="bbox 195 872 1185 2072">
    <p class='ocr_par' dir='ltr' id='par_1_2' title="bbox 198 872 627 967">
     <span class='ocr_line' id='line_1_2' title="bbox 198 872 627 967; baseline 0.005 -27"><span class='ocrx_word' id='word_1_7' title='bbox 198 872 298 967; x_wconf 84' lang='lat' dir='ltr'><strong>Frige</strong></span> <span class='ocrx_word' id='word_1_8' title='bbox 321 872 422 940; x_wconf 82' lang='lat' dir='ltr'><strong>fuisso</strong></span> <span class='ocrx_word' id='word_1_9' title='bbox 441 875 601 967; x_wconf 83' lang='lat' dir='ltr'><strong>AEsopum</strong></span> <span class='ocrx_word' id='word_1_10' title='bbox 617 883 627 916; x_wconf 88' lang='lat'>¹</span> 
     </span>
    </p>

    <p class='ocr_par' dir='ltr' id='par_1_3' title="bbox 195 981 1163 1214">
     <span class='ocr_line' id='line_1_3' title="bbox 197 981 1163 1089; baseline -0.004 -23"><span class='ocrx_word' id='word_1_11' title='bbox 197 996 234 1066; x_wconf 90' lang='lat' dir='ltr'><strong>Si</strong></span> <span class='ocrx_word' id='word_1_12' title='bbox 251 994 374 1064; x_wconf 85' lang='lat' dir='ltr'><strong>Phrix²</strong></span> <span class='ocrx_word' id='word_1_13' title='bbox 393 988 549 1088; x_wconf 84' lang='lat' dir='ltr'><strong>Esopus³</strong></span> <span class='ocrx_word' id='word_1_14' title='bbox 565 996 719 1089; x_wconf 65' lang='lat' dir='ltr'><strong>potasti,</strong></span> <span class='ocrx_word' id='word_1_15' title='bbox 741 996 769 1064; x_wconf 88' lang='lat' dir='ltr'><strong>si</strong></span> <span class='ocrx_word' id='word_1_16' title='bbox 781 981 988 1065; x_wconf 84' lang='lat' dir='ltr'><strong>Anaharsae⁵</strong></span> <span class='ocrx_word' id='word_1_17' title='bbox 1007 990 1163 1088; x_wconf 79' lang='lat' dir='ltr'><strong>Scythae⁶</strong></span> 
     </span>
     <span class='ocr_line' id='line_1_4' title="bbox 195 1117 949 1214; baseline -0.001 -28"><span class='ocrx_word' id='word_1_18' title='bbox 195 1121 378 1186; x_wconf 71' lang='lat' dir='ltr'><strong>liternum?</strong></span> <span class='ocrx_word' id='word_1_19' title='bbox 400 1118 524 1187; x_wconf 85' lang='lat' dir='ltr'><strong>famam</strong></span> <span class='ocrx_word' id='word_1_20' title='bbox 544 1118 687 1188; x_wconf 83' lang='lat' dir='ltr'><strong>condere</strong></span> <span class='ocrx_word' id='word_1_21' title='bbox 707 1117 843 1214; x_wconf 83' lang='lat' dir='ltr'><strong>ingenio</strong></span> <span class='ocrx_word' id='word_1_22' title='bbox 865 1141 949 1186; x_wconf 93' lang='lat' dir='ltr'><strong>suo:</strong></span> 
     </span>
    </p>

    <p class='ocr_par' dir='ltr' id='par_1_4' title="bbox 196 1238 1009 1336">
     <span class='ocr_line' id='line_1_5' title="bbox 196 1238 1009 1336; baseline 0 -28"><span class='ocrx_word' id='word_1_23' title='bbox 196 1244 268 1334; x_wconf 85' lang='lat' dir='ltr'><strong>Ego</strong></span> <span class='ocrx_word' id='word_1_24' title='bbox 289 1238 441 1309; x_wconf 80' lang='lat' dir='ltr'><strong>litteratae</strong></span> <span class='ocrx_word' id='word_1_25' title='bbox 462 1240 520 1335; x_wconf 89' lang='lat' dir='ltr'><strong>qui</strong></span> <span class='ocrx_word' id='word_1_26' title='bbox 543 1266 617 1310; x_wconf 90' lang='lat' dir='ltr'><strong>sum</strong></span> <span class='ocrx_word' id='word_1_27' title='bbox 642 1243 827 1336; x_wconf 88' lang='lat' dir='ltr'><strong>proprior7</strong></span> <span class='ocrx_word' id='word_1_28' title='bbox 853 1240 1009 1322; x_wconf 69' lang='lat' dir='ltr'><strong>Graecia,</strong></span> 
     </span>
    </p>

    <p class='ocr_par' dir='ltr' id='par_1_5' title="bbox 196 1355 987 1461">
     <span class='ocr_line' id='line_1_6' title="bbox 196 1355 987 1461; baseline -0.001 -27"><span class='ocrx_word' id='word_1_29' title='bbox 196 1366 266 1434; x_wconf 87' lang='lat' dir='ltr'><strong>Cur</strong></span> <span class='ocrx_word' id='word_1_30' title='bbox 287 1388 405 1432; x_wconf 91' lang='lat' dir='ltr'><strong>sornno</strong></span> <span class='ocrx_word' id='word_1_31' title='bbox 427 1363 526 1432; x_wconf 86' lang='lat' dir='ltr'><strong>inerti</strong></span> <span class='ocrx_word' id='word_1_32' title='bbox 548 1363 695 1434; x_wconf 86' lang='lat' dir='ltr'>deseram</span> <span class='ocrx_word' id='word_1_33' title='bbox 718 1355 835 1461; x_wconf 79' lang='lat' dir='ltr'><strong>patriae</strong></span> <span class='ocrx_word' id='word_1_34' title='bbox 853 1357 987 1433; x_wconf 82' lang='lat' dir='ltr'><strong>decus&#39;?</strong></span> 
     </span>
    </p>

    <p class='ocr_par' dir='ltr' id='par_1_6' title="bbox 197 1486 1020 1705">
     <span class='ocr_line' id='line_1_7' title="bbox 197 1486 1015 1581; baseline 0.001 -27"><span class='ocrx_word' id='word_1_35' title='bbox 197 1486 352 1555; x_wconf 85' lang='lat' dir='ltr'>Threissa</span> <span class='ocrx_word' id='word_1_36' title='bbox 373 1512 450 1554; x_wconf 90' lang='lat' dir='ltr'><strong>cum</strong></span> <span class='ocrx_word' id='word_1_37' title='bbox 474 1512 555 1581; x_wconf 86' lang='lat' dir='ltr'><strong>gens</strong></span> <span class='ocrx_word' id='word_1_38' title='bbox 576 1494 730 1558; x_wconf 76' lang='lat' dir='ltr'><strong>numeret</strong></span> <span class='ocrx_word' id='word_1_39' title='bbox 748 1503 901 1557; x_wconf 84' lang='lat' dir='ltr'>auctores</span> <span class='ocrx_word' id='word_1_40' title='bbox 919 1511 1015 1571; x_wconf 88' lang='lat' dir='ltr'><strong>suos,</strong></span> 
     </span>
     <span class='ocr_line' id='line_1_8' title="bbox 197 1597 1020 1705; baseline 0.001 -29"><span class='ocrx_word' id='word_1_41' title='bbox 197 1608 352 1702; x_wconf 83' lang='lat' dir='ltr'><strong>Linoque</strong></span> <span class='ocrx_word' id='word_1_42' title='bbox 369 1597 492 1703; x_wconf 86' lang='lat' dir='ltr'><strong>Apollo</strong></span> <span class='ocrx_word' id='word_1_43' title='bbox 511 1609 554 1679; x_wconf 88' lang='lat' dir='ltr'><strong>sit</strong></span> <span class='ocrx_word' id='word_1_44' title='bbox 574 1635 716 1704; x_wconf 81' lang='lat' dir='ltr'><strong>parens,</strong></span> <span class='ocrx_word' id='word_1_45' title='bbox 741 1611 841 1679; x_wconf 91' lang='lat' dir='ltr'><strong>Musa</strong></span> <span class='ocrx_word' id='word_1_46' title='bbox 863 1609 1020 1705; x_wconf 87' lang='lat' dir='ltr'><strong>Orpheo,</strong></span> 
     </span>
    </p>

    <p class='ocr_par' dir='ltr' id='par_1_7' title="bbox 196 1723 972 1948">
     <span class='ocr_line' id='line_1_9' title="bbox 198 1723 972 1817; baseline 0.008 -22"><span class='ocrx_word' id='word_1_47' title='bbox 198 1729 269 1817; x_wconf 90' lang='lat' dir='ltr'><strong>Qui</strong></span> <span class='ocrx_word' id='word_1_48' title='bbox 292 1754 369 1798; x_wconf 84' lang='lat' dir='ltr'><strong>saxa</strong></span> <span class='ocrx_word' id='word_1_49' title='bbox 396 1739 496 1799; x_wconf 84' lang='lat' dir='ltr'><strong>cantu</strong></span> <span class='ocrx_word' id='word_1_50' title='bbox 524 1730 629 1800; x_wconf 88' lang='lat' dir='ltr'><strong>movit</strong></span> <span class='ocrx_word' id='word_1_51' title='bbox 653 1747 687 1801; x_wconf 85' lang='lat' dir='ltr'><strong>et</strong></span> <span class='ocrx_word' id='word_1_52' title='bbox 712 1723 972 1811; x_wconf 70' lang='lat' dir='ltr'><strong>domuitionis,</strong></span> 
     </span>
     <span class='ocr_line' id='line_1_10' title="bbox 196 1843 933 1948; baseline 0.001 -26"><span class='ocrx_word' id='word_1_53' title='bbox 196 1843 411 1948; x_wconf 79' lang='lat' dir='ltr'><strong>Herebique⁸</strong></span> <span class='ocrx_word' id='word_1_54' title='bbox 431 1855 537 1923; x_wconf 83' lang='lat' dir='ltr'><strong>tenuit</strong></span> <span class='ocrx_word' id='word_1_55' title='bbox 558 1855 701 1948; x_wconf 86' lang='lat' dir='ltr'><strong>impetus</strong></span> <span class='ocrx_word' id='word_1_56' title='bbox 719 1848 809 1924; x_wconf 84' lang='lat' dir='ltr'><strong>dulci</strong></span> <span class='ocrx_word' id='word_1_57' title='bbox 829 1879 933 1924; x_wconf 87' lang='lat' dir='ltr'><strong>mora.</strong></span> 
     </span>
    </p>

    <p class='ocr_par' dir='ltr' id='par_1_8' title="bbox 196 1969 1185 2072">
     <span class='ocr_line' id='line_1_11' title="bbox 196 1969 1185 2072; baseline 0 -26"><span class='ocrx_word' id='word_1_58' title='bbox 196 1981 285 2072; x_wconf 82' lang='lat' dir='ltr'><strong>Ergo</strong></span> <span class='ocrx_word' id='word_1_59' title='bbox 305 1976 384 2046; x_wconf 86' lang='lat' dir='ltr'><strong>hino</strong></span> <span class='ocrx_word' id='word_1_60' title='bbox 404 1973 540 2046; x_wconf 71' lang='lat' dir='ltr'><strong>abesto*</strong></span> <span class='ocrx_word' id='word_1_61' title='bbox 562 1976 677 2046; x_wconf 87' lang='lat' dir='ltr'><strong>libor9</strong></span> <span class='ocrx_word' id='word_1_62' title='bbox 700 2003 741 2046; x_wconf 85' lang='lat' dir='ltr'><strong>ne</strong></span> <span class='ocrx_word' id='word_1_63' title='bbox 758 1977 882 2046; x_wconf 89' lang='lat' dir='ltr'><strong>frustra</strong></span> <span class='ocrx_word' id='word_1_64' title='bbox 903 2001 1038 2071; x_wconf 85' lang='lat' dir='ltr'>gemas,</span> <span class='ocrx_word' id='word_1_65' title='bbox 1135 1969 1185 2022; x_wconf 74' lang='lat'><strong>*3¹</strong></span> 
     </span>
    </p>
   </div>
   <div class='ocr_carea' id='block_1_3' title="bbox 144 2099 1008 2438">
    <p class='ocr_par' dir='ltr' id='par_1_9' title="bbox 144 2099 1008 2438">
     <span class='ocr_line' id='line_1_12' title="bbox 144 2099 1008 2209; baseline -0.001 -40"><span class='ocrx_word' id='word_1_66' title='bbox 144 2191 149 2209; x_wconf 55' lang='lat'><em>,</em></span> <span class='ocrx_word' id='word_1_67' title='bbox 198 2100 369 2190; x_wconf 85' lang='lat' dir='ltr'><strong>Quoniam</strong></span> <span class='ocrx_word' id='word_1_68' title='bbox 391 2100 475 2169; x_wconf 88' lang='lat' dir='ltr'><strong>rnihi</strong></span> <span class='ocrx_word' id='word_1_69' title='bbox 497 2099 667 2169; x_wconf 87' lang='lat' dir='ltr'><strong>sollemnis</strong></span> <span class='ocrx_word' id='word_1_70' title='bbox 678 2110 709 2144; x_wconf 84' lang='lat'><strong>¹⁰</strong></span> <span class='ocrx_word' id='word_1_71' title='bbox 730 2100 871 2172; x_wconf 83' lang='lat' dir='ltr'><strong>debetur</strong></span> <span class='ocrx_word' id='word_1_72' title='bbox 892 2099 1008 2196; x_wconf 82' lang='lat' dir='ltr'><strong>gloria.</strong></span> 
     </span>
     <span class='ocr_line' id='line_1_13' title="bbox 246 2222 1007 2317; baseline -0.007 -23"><span class='ocrx_word' id='word_1_73' title='bbox 246 2223 369 2294; x_wconf 85' lang='lat' dir='ltr'><strong>Induxi</strong></span> <span class='ocrx_word' id='word_1_74' title='bbox 390 2237 424 2292; x_wconf 75' lang='lat' dir='ltr'><strong>ta</strong></span> <span class='ocrx_word' id='word_1_75' title='bbox 441 2223 483 2292; x_wconf 89' lang='lat' dir='ltr'><strong>ad</strong></span> <span class='ocrx_word' id='word_1_76' title='bbox 501 2222 704 2317; x_wconf 82' lang='lat' dir='ltr'><strong>legandum:</strong></span> <span class='ocrx_word' id='word_1_77' title='bbox 726 2224 903 2294; x_wconf 79' lang='lat' dir='ltr'><strong>sincerum</strong></span> <span class='ocrx_word' id='word_1_78' title='bbox 924 2223 1007 2296; x_wconf 87' lang='lat' dir='ltr'><strong>rnihi</strong></span> 
     </span>
     <span class='ocr_line' id='line_1_14' title="bbox 200 2345 895 2438; baseline -0.004 -23"><span class='ocrx_word' id='word_1_79' title='bbox 200 2345 355 2415; x_wconf 85' lang='lat' dir='ltr'><strong>Candore</strong></span> <span class='ocrx_word' id='word_1_80' title='bbox 378 2359 459 2413; x_wconf 92' lang='lat' dir='ltr'><strong>noto</strong></span> <span class='ocrx_word' id='word_1_81' title='bbox 482 2345 602 2413; x_wconf 83' lang='lat' dir='ltr'><strong>reddas</strong></span> <span class='ocrx_word' id='word_1_82' title='bbox 622 2345 788 2438; x_wconf 87' lang='lat' dir='ltr'><strong>judicium</strong></span> <span class='ocrx_word' id='word_1_83' title='bbox 807 2359 895 2438; x_wconf 84' lang='lat' dir='ltr'><strong>peto.</strong></span> 
     </span>
    </p>
   </div>
   <div class='ocr_carea' id='block_1_4' title="bbox 198 2549 1192 3174">
    <p class='ocr_par' dir='ltr' id='par_1_10' title="bbox 198 2549 1192 2805">
     <span class='ocr_line' id='line_1_15' title="bbox 235 2549 1189 2621; baseline -0.002 -19"><span class='ocrx_word' id='word_1_84' title='bbox 235 2573 257 2604; x_wconf 86' lang='lat'><strong>1.</strong></span> <span class='ocrx_word' id='word_1_85' title='bbox 273 2553 392 2604; x_wconf 76' lang='lat' dir='ltr'><strong>Videntur</strong></span> <span class='ocrx_word' id='word_1_86' title='bbox 406 2553 458 2605; x_wconf 71' lang='lat' dir='ltr'><strong>hoo</strong></span> <span class='ocrx_word' id='word_1_87' title='bbox 477 2571 530 2621; x_wconf 81' lang='lat' dir='ltr'><strong>pars</strong></span> <span class='ocrx_word' id='word_1_88' title='bbox 549 2554 630 2620; x_wconf 79' lang='lat' dir='ltr'><strong>glouoe</strong></span> <span class='ocrx_word' id='word_1_89' title='bbox 642 2570 696 2620; x_wconf 75' lang='lat' dir='ltr'><strong>qun</strong></span> <span class='ocrx_word' id='word_1_90' title='bbox 715 2553 742 2604; x_wconf 91' lang='lat' dir='ltr'><strong>in</strong></span> <span class='ocrx_word' id='word_1_91' title='bbox 760 2552 866 2604; x_wconf 76' lang='lat' dir='ltr'><strong>madium</strong></span> <span class='ocrx_word' id='word_1_92' title='bbox 887 2557 1027 2602; x_wconf 76' lang='lat' dir='ltr'><strong>contextum</strong></span> <span class='ocrx_word' id='word_1_93' title='bbox 1046 2549 1189 2618; x_wconf 73' lang='lat' dir='ltr'><strong>irrepserit:</strong></span> 
     </span>
     <span class='ocr_line' id='line_1_16' title="bbox 199 2642 1192 2716; baseline -0.004 -20"><span class='ocrx_word' id='word_1_94' title='bbox 199 2647 270 2714; x_wconf 72' lang='lat' dir='ltr'><strong>Frige</strong></span> <span class='ocrx_word' id='word_1_95' title='bbox 287 2648 297 2712; x_wconf 91' lang='lat'>[</span> <span class='ocrx_word' id='word_1_96' title='bbox 304 2647 336 2698; x_wconf 85' lang='lat' dir='ltr'><strong>sic</strong></span> <span class='ocrx_word' id='word_1_97' title='bbox 349 2663 393 2714; x_wconf 90' lang='lat' dir='ltr'><strong>pro</strong></span> <span class='ocrx_word' id='word_1_98' title='bbox 405 2645 544 2716; x_wconf 76' lang='lat' dir='ltr'><strong>Phrygem]</strong></span> <span class='ocrx_word' id='word_1_99' title='bbox 562 2646 634 2698; x_wconf 76' lang='lat' dir='ltr'><strong>fuisse</strong></span> <span class='ocrx_word' id='word_1_100' title='bbox 644 2650 766 2716; x_wconf 81' lang='lat' dir='ltr'><strong>AEsopwn.</strong></span> <span class='ocrx_word' id='word_1_101' title='bbox 780 2644 902 2705; x_wconf 79' lang='lat' dir='ltr'><strong>subaudi,</strong></span> <span class='ocrx_word' id='word_1_102' title='bbox 915 2653 1020 2704; x_wconf 76' lang='lat' dir='ltr'><strong>comm,</strong></span> <span class='ocrx_word' id='word_1_103' title='bbox 1032 2643 1069 2694; x_wconf 78' lang='lat' dir='ltr'><strong>vel</strong></span> <span class='ocrx_word' id='word_1_104' title='bbox 1081 2642 1125 2693; x_wconf 74' lang='lat' dir='ltr'><strong>hoc</strong></span> <span class='ocrx_word' id='word_1_105' title='bbox 1139 2642 1192 2692; x_wconf 82' lang='lat' dir='ltr'><strong>Ioco</strong></span> 
     </span>
     <span class='ocr_line' id='line_1_17' title="bbox 198 2738 821 2805; baseline 0.002 -20"><span class='ocrx_word' id='word_1_106' title='bbox 198 2738 305 2788; x_wconf 71' lang='lat' dir='ltr'><strong>videnum</strong></span> <span class='ocrx_word' id='word_1_107' title='bbox 318 2755 325 2789; x_wconf 92' lang='lat'>:</span> <span class='ocrx_word' id='word_1_108' title='bbox 343 2741 404 2802; x_wconf 69' lang='lat' dir='ltr'><strong>Qun</strong></span> <span class='ocrx_word' id='word_1_109' title='bbox 415 2738 489 2790; x_wconf 78' lang='lat' dir='ltr'><strong>verba</strong></span> <span class='ocrx_word' id='word_1_110' title='bbox 503 2747 569 2788; x_wconf 76' lang='lat' dir='ltr'><strong>rorte</strong></span> <span class='ocrx_word' id='word_1_111' title='bbox 580 2738 698 2805; x_wconf 75' lang='lat' dir='ltr'><strong>expunxit</strong></span> <span class='ocrx_word' id='word_1_112' title='bbox 709 2738 821 2788; x_wconf 76' lang='lat' dir='ltr'><strong>Pithoeua.</strong></span> 
     </span>
    </p>

    <p class='ocr_par' dir='ltr' id='par_1_11' title="bbox 230 2824 1032 2900">
     <span class='ocr_line' id='line_1_18' title="bbox 230 2824 1032 2900; baseline -0.004 -21"><span class='ocrx_word' id='word_1_113' title='bbox 230 2849 254 2880; x_wconf 70' lang='grc' dir='ltr'><strong>α.</strong></span> <span class='ocrx_word' id='word_1_114' title='bbox 271 2831 322 2892; x_wconf 87' lang='lat' dir='ltr'><strong>Sic,</strong></span> <span class='ocrx_word' id='word_1_115' title='bbox 335 2847 379 2900; x_wconf 87' lang='lat' dir='ltr'><strong>pro</strong></span> <span class='ocrx_word' id='word_1_116' title='bbox 390 2829 482 2900; x_wconf 77' lang='lat' dir='ltr'><strong>Phrya.</strong></span> <span class='ocrx_word' id='word_1_117' title='bbox 499 2859 533 2868; x_wconf 91' lang='lat'>—</span> <span class='ocrx_word' id='word_1_118' title='bbox 551 2831 574 2879; x_wconf 79' lang='lat'><strong>3.</strong></span> <span class='ocrx_word' id='word_1_119' title='bbox 591 2829 638 2880; x_wconf 82' lang='lat' dir='ltr'><strong>Sin·</strong></span> <span class='ocrx_word' id='word_1_120' title='bbox 656 2858 690 2871; x_wconf 85' lang='lat'><em>-</em></span> <span class='ocrx_word' id='word_1_121' title='bbox 706 2839 731 2888; x_wconf 70' lang='grc'><strong>4.</strong></span> <span class='ocrx_word' id='word_1_122' title='bbox 748 2828 802 2889; x_wconf 82' lang='lat' dir='ltr'><strong>Sic,</strong></span> <span class='ocrx_word' id='word_1_123' title='bbox 820 2845 864 2896; x_wconf 89' lang='lat' dir='ltr'><strong>pro</strong></span> <span class='ocrx_word' id='word_1_124' title='bbox 875 2824 1032 2878; x_wconf 76' lang='lat' dir='ltr'><strong>Anacharsis.</strong></span> 
     </span>
    </p>

    <p class='ocr_par' dir='ltr' id='par_1_12' title="bbox 233 2918 997 2992">
     <span class='ocr_line' id='line_1_19' title="bbox 233 2918 997 2992; baseline -0.003 -23"><span class='ocrx_word' id='word_1_125' title='bbox 233 2924 255 2971; x_wconf 84' lang='lat'><strong>5.</strong></span> <span class='ocrx_word' id='word_1_126' title='bbox 272 2922 327 2984; x_wconf 79' lang='lat' dir='ltr'><strong>Sic,</strong></span> <span class='ocrx_word' id='word_1_127' title='bbox 342 2938 388 2989; x_wconf 91' lang='lat' dir='ltr'><strong>pro</strong></span> <span class='ocrx_word' id='word_1_128' title='bbox 400 2921 497 2992; x_wconf 73' lang='lat' dir='ltr'><strong>Scytha.</strong></span> <span class='ocrx_word' id='word_1_129' title='bbox 515 2949 548 2959; x_wconf 93' lang='lat'>—</span> <span class='ocrx_word' id='word_1_130' title='bbox 564 2923 588 2970; x_wconf 88' lang='grc'><strong>6.</strong></span> <span class='ocrx_word' id='word_1_131' title='bbox 605 2921 651 2970; x_wconf 84' lang='lat' dir='ltr'><strong>Sic.</strong></span> <span class='ocrx_word' id='word_1_132' title='bbox 663 2949 696 2960; x_wconf 88' lang='lat'><em>-</em></span> <span class='ocrx_word' id='word_1_133' title='bbox 713 2939 736 2983; x_wconf 88' lang='lat'><strong>7.</strong></span> <span class='ocrx_word' id='word_1_134' title='bbox 753 2920 873 2981; x_wconf 66' lang='lat' dir='ltr'><strong>Pitiniana,</strong></span> <span class='ocrx_word' id='word_1_135' title='bbox 890 2918 997 2989; x_wconf 80' lang='lat' dir='ltr'><strong>propior.</strong></span> 
     </span>
    </p>

    <p class='ocr_par' dir='ltr' id='par_1_13' title="bbox 200 3010 1190 3174">
     <span class='ocr_line' id='line_1_20' title="bbox 232 3010 1189 3081; baseline -0.009 -14"><span class='ocrx_word' id='word_1_136' title='bbox 232 3016 256 3067; x_wconf 89' lang='lat'><strong>8.</strong></span> <span class='ocrx_word' id='word_1_137' title='bbox 269 3015 308 3065; x_wconf 86' lang='lat' dir='ltr'><strong>Sic</strong></span> <span class='ocrx_word' id='word_1_138' title='bbox 326 3031 370 3081; x_wconf 87' lang='lat' dir='ltr'><strong>pro</strong></span> <span class='ocrx_word' id='word_1_139' title='bbox 383 3012 464 3064; x_wconf 66' lang='lat' dir='ltr'><strong>nubi.</strong></span> <span class='ocrx_word' id='word_1_140' title='bbox 480 3019 537 3064; x_wconf 73' lang='lat' dir='ltr'><strong>Hoc</strong></span> <span class='ocrx_word' id='word_1_141' title='bbox 550 3029 612 3075; x_wconf 80' lang='lat' dir='ltr'><strong>vox,</strong></span> <span class='ocrx_word' id='word_1_142' title='bbox 632 3013 685 3064; x_wconf 86' lang='lat' dir='ltr'><strong>loco</strong></span> <span class='ocrx_word' id='word_1_143' title='bbox 697 3013 795 3064; x_wconf 76' lang='lat' dir='ltr'><strong>alterius</strong></span> <span class='ocrx_word' id='word_1_144' title='bbox 811 3013 909 3081; x_wconf 72' lang='lat' dir='ltr'><strong>penitus</strong></span> <span class='ocrx_word' id='word_1_145' title='bbox 925 3012 1010 3064; x_wconf 76' lang='lat' dir='ltr'><strong>delatae</strong></span> <span class='ocrx_word' id='word_1_146' title='bbox 1026 3010 1100 3078; x_wconf 79' lang='lat' dir='ltr'><strong>(rasa</strong></span> <span class='ocrx_word' id='word_1_147' title='bbox 1113 3025 1189 3059; x_wconf 78' lang='lat' dir='ltr'><strong>meur-</strong></span> 
     </span>
     <span class='ocr_line' id='line_1_21' title="bbox 200 3099 1190 3174; baseline -0.009 -15"><span class='ocrx_word' id='word_1_148' title='bbox 200 3107 309 3173; x_wconf 84' lang='lat' dir='ltr'><strong>brann),</strong></span> <span class='ocrx_word' id='word_1_149' title='bbox 328 3106 404 3173; x_wconf 86' lang='lat' dir='ltr'><strong>prima</strong></span> <span class='ocrx_word' id='word_1_150' title='bbox 420 3122 492 3156; x_wconf 82' lang='lat' dir='ltr'><strong>manu</strong></span> <span class='ocrx_word' id='word_1_151' title='bbox 507 3105 597 3172; x_wconf 76' lang='lat' dir='ltr'><strong>scripta</strong></span> <span class='ocrx_word' id='word_1_152' title='bbox 609 3113 652 3156; x_wconf 67' lang='lat' dir='ltr'><strong>aaa.</strong></span> <span class='ocrx_word' id='word_1_153' title='bbox 669 3105 787 3174; x_wconf 48' lang='lat' dir='ltr'><strong>Rhium</strong></span> <span class='ocrx_word' id='word_1_154' title='bbox 803 3105 928 3172; x_wconf 79' lang='lat' dir='ltr'><strong>proposuit</strong></span> <span class='ocrx_word' id='word_1_155' title='bbox 945 3101 1028 3164; x_wconf 74' lang='lat' dir='ltr'><strong>Hebri,</strong></span> <span class='ocrx_word' id='word_1_156' title='bbox 1045 3099 1110 3167; x_wconf 87' lang='lat' dir='ltr'><strong>quod</strong></span> <span class='ocrx_word' id='word_1_157' title='bbox 1123 3115 1190 3150; x_wconf 75' lang='lat' dir='ltr'><strong>rece-</strong></span> 
     </span>
    </p>
   </div>
   <div class='ocr_carea' id='block_1_5' title="bbox 198 3200 1193 3348">
    <p class='ocr_par' dir='ltr' id='par_1_14' title="bbox 198 3200 1193 3348">
     <span class='ocr_line' id='line_1_22' title="bbox 198 3200 412 3270; baseline -0.014 -17"><span class='ocrx_word' id='word_1_158' title='bbox 198 3210 289 3270; x_wconf 79' lang='lat' dir='ltr'><strong>perunt</strong></span> <span class='ocrx_word' id='word_1_159' title='bbox 302 3200 412 3250; x_wconf 70' lang='lat' dir='ltr'><strong>editoreo</strong></span> 
     </span>
     <span class='ocr_line' id='line_1_23' title="bbox 235 3275 1193 3348; baseline -0.01 -15"><span class='ocrx_word' id='word_1_160' title='bbox 235 3301 260 3348; x_wconf 80' lang='lat'><strong>9.</strong></span> <span class='ocrx_word' id='word_1_161' title='bbox 277 3282 334 3340; x_wconf 86' lang='lat' dir='ltr'><strong>Sic,</strong></span> <span class='ocrx_word' id='word_1_162' title='bbox 352 3297 397 3347; x_wconf 84' lang='lat' dir='ltr'><strong>pro</strong></span> <span class='ocrx_word' id='word_1_163' title='bbox 416 3279 483 3330; x_wconf 77' lang='lat' dir='ltr'><strong>livor.</strong></span> <span class='ocrx_word' id='word_1_164' title='bbox 500 3277 638 3330; x_wconf 69' lang='lat' dir='ltr'><strong>Istiusmodi</strong></span> <span class='ocrx_word' id='word_1_165' title='bbox 656 3278 746 3330; x_wconf 68' lang='lat' dir='ltr'><strong>mendic</strong></span> <span class='ocrx_word' id='word_1_166' title='bbox 764 3295 864 3328; x_wconf 83' lang='lat' dir='ltr'><strong>numero</strong></span> <span class='ocrx_word' id='word_1_167' title='bbox 881 3278 983 3344; x_wconf 83' lang='lat' dir='ltr'><strong>plurima</strong></span> <span class='ocrx_word' id='word_1_168' title='bbox 1006 3275 1097 3327; x_wconf 79' lang='lat' dir='ltr'><strong>indicio</strong></span> <span class='ocrx_word' id='word_1_169' title='bbox 1117 3283 1193 3335; x_wconf 75' lang='lat' dir='ltr'><strong>aunt,</strong></span> 
     </span>
    </p>
   </div>
   <div class='ocr_carea' id='block_1_6' title="bbox 196 3351 936 3528">
    <p class='ocr_par' dir='ltr' id='par_1_15' title="bbox 196 3351 936 3528">
     <span class='ocr_line' id='line_1_24' title="bbox 196 3351 936 3442; baseline -0.011 -16"><span class='ocrx_word' id='word_1_170' title='bbox 196 3375 295 3442; x_wconf 84' lang='lat' dir='ltr'><strong>opinor,</strong></span> <span class='ocrx_word' id='word_1_171' title='bbox 308 3371 433 3421; x_wconf 84' lang='lat' dir='ltr'><strong>librarium</strong></span> <span class='ocrx_word' id='word_1_172' title='bbox 450 3370 571 3436; x_wconf 76' lang='lat' dir='ltr'><strong>scripsisse</strong></span> <span class='ocrx_word' id='word_1_173' title='bbox 583 3369 714 3430; x_wconf 67' lang='lat' dir='ltr'><strong>Codicum,</strong></span> <span class='ocrx_word' id='word_1_174' title='bbox 732 3351 837 3419; x_wconf 71' lang='lat' dir='ltr'><strong>dictante</strong></span> <span class='ocrx_word' id='word_1_175' title='bbox 851 3370 936 3419; x_wconf 79' lang='lat' dir='ltr'><strong>altero.</strong></span> 
     </span>
     <span class='ocr_line' id='line_1_25' title="bbox 236 3459 739 3528; baseline -0.01 -14"><span class='ocrx_word' id='word_1_176' title='bbox 236 3483 274 3516; x_wconf 81' lang='grc' dir='ltr'><strong>ιο.</strong></span> <span class='ocrx_word' id='word_1_177' title='bbox 291 3463 413 3528; x_wconf 76' lang='lat' dir='ltr'><strong>Scaliger:</strong></span> <span class='ocrx_word' id='word_1_178' title='bbox 433 3460 541 3512; x_wconf 66' lang='lat' dir='ltr'><strong>solemnis</strong></span> <span class='ocrx_word' id='word_1_179' title='bbox 557 3459 629 3520; x_wconf 75' lang='lat' dir='ltr'><strong>midi,</strong></span> <span class='ocrx_word' id='word_1_180' title='bbox 646 3459 739 3510; x_wconf 77' lang='lat' dir='ltr'><strong>melius.</strong></span> 
     </span>
    </p>
   </div>
   <div class='ocr_carea' id='block_1_7' title="bbox 0 0 1578 5212">
    <p class='ocr_par' dir='ltr' id='par_1_16' title="bbox 0 0 1578 5212">
     <span class='ocr_line' id='line_1_26' title="bbox 0 0 1578 5212; baseline 0 0"><span class='ocrx_word' id='word_1_181' title='bbox 0 0 1578 5212; x_wconf 95' lang='lat' dir='ltr'><strong> </strong></span> 
     </span>
    </p>
   </div>
  </div>
 </body>
</html>
