3144 5218
375 611 445 696 244
519 629 660 679 ennom
678 627 897 678 resonarunt
914 627 981 674 nm.
1002 625 1058 692 iv,
1077 626 1158 673 ran.
1182 601 1240 674 33.

373 860 468 936 Nihil
488 877 538 932 est
558 875 748 958 repertum,
770 857 885 930 rnultis
905 872 1049 928 onerent
1071 856 1223 928 lancibus
1237 869 1275 946 ¹,

370 987 617 1080 Hominemque
634 983 755 1079 plausu
776 992 1022 1078 prosecuntur²
1041 981 1199 1050 maximo.

371 1114 444 1179 Hoc
461 1107 546 1177 vidit
565 1106 638 1176 fieri
657 1105 825 1176 Rusticus.
847 1105 928 1176 Non
945 1103 1136 1175 mehercule

370 1237 429 1303 Me
446 1232 578 1320 vincet,
596 1231 733 1326 inquit:
754 1244 787 1300 et
806 1228 919 1299 statim
943 1228 1112 1324 professus
1130 1243 1202 1315 est,

369 1357 464 1427 Idem
485 1354 652 1426 facturum
671 1351 791 1422 melius
812 1378 846 1422 se
873 1367 951 1448 post
973 1343 1098 1422 tridie³

370 1485 415 1551 Et
436 1479 603 1550 derisuros
624 1502 693 1546 non
714 1489 948 1572 expectaturus
971 1475 1016 1544 sit
1033 1488 1068 1544 et
1080 1477 1108 1544 ⁴.

268 1592 278 1616 ⁹
368 1606 520 1700 Uterque
536 1599 660 1697 prodit.
687 1604 810 1670 Scurra
837 1586 1042 1694 dignunnit⁵
1062 1599 1178 1693 prior,

372 1728 553 1818 Movetque
573 1723 731 1818 plausus,
751 1737 785 1792 et
806 1721 970 1792 clamores
989 1723 1136 1792 suscitat.

371 1851 467 1918 Tunc
485 1846 644 1917 simulans
661 1872 731 1915 sese
747 1845 952 1914 vestimentis
969 1838 1133 1914 rusticis⁶

373 1969 563 2041 Porcellum
581 1969 738 2064 obtegere
759 1967 871 2064 (quod
888 1967 1031 2037 faciebat
1050 1965 1198 2053 scilicet,

373 2095 458 2182 Sed,
478 2095 513 2163 in
532 2095 645 2189 priore
663 2094 742 2189 quia
759 2090 868 2161 nihil⁷
891 2106 1099 2188 compererat
1110 2082 1139 2178 ⁸,
1159 2090 1288 2188 latens)

407 2355 430 2387 r.
447 2297 594 2388 Emendsrit
603 2334 721 2394 Pithoeus,
741 2332 859 2384 laudibus.

406 2459 428 2490 a.
448 2439 495 2492 Sic.
513 2469 547 2479 -
563 2443 586 2490 3.
600 2439 656 2502 sie,
676 2455 722 2506 pro
738 2438 861 2507 postridie.

404 2557 428 2605 4.
446 2550 480 2597 tta
501 2555 536 2596 est
557 2545 652 2599 Codicis
670 2546 803 2613 scripture,
819 2545 904 2603 trum
922 2546 1060 2613 compositis
1080 2555 1103 2596 et
1124 2547 1274 2609 clarissimis,
1296 2565 1372 2616 quatu

370 2648 435 2689 recte
446 2638 504 2706 legit
514 2637 615 2689 Gudius
626 2638 694 2689 Falso
701 2637 776 2703 igitur
787 2647 888 2692 testetur
900 2638 1013 2690 Heinsius
1030 2639 1070 2690 bic
1083 2656 1133 2690 esse
1146 2640 1172 2690 in
1183 2641 1242 2692 Cod
1252 2639 1375 2692 derisurus

370 2748 418 2780 nors
434 2740 578 2799 spectaturos
595 2731 652 2782 sitis.
675 2730 770 2782 Heinsii
791 2740 872 2782 eutem
895 2732 1023 2783 auctoritas
1044 2734 1083 2783 rel
1103 2734 1181 2800 ipsum
1201 2733 1372 2792 Sebuebinm.

365 2839 442 2890 ⁴qutun
459 2824 636 2874 ornatissimum
653 2823 859 2891 excellentemque
874 2823 982 2875 doctrina
995 2825 1075 2876 virum
1091 2827 1190 2877 honoris
1206 2843 1275 2878 causa
1290 2829 1374 2879 nomi-

367 2931 468 2975 namus,
479 2915 590 2966 lmstrsta
603 2924 639 2965 est
652 2915 796 2981 induxitque
808 2925 835 2968 ut
848 2915 939 2968 diceret
951 2932 957 2966 ε
971 2940 984 2960 α
997 2917 1066 2971 Libri
1084 2918 1166 2986 scripti
1183 2919 1249 2974 bunc
1265 2920 1374 2974 locusta

371 3031 383 3049 ιι
395 3023 467 3058 manu
486 3007 647 3058 enendsuiee
659 3007 725 3061 varie
738 3007 909 3078 interpolatum
921 3019 1033 3078 corrupte
1046 3011 1169 3064 exhibent.
1179 3036 1192 3054 υ
1210 3018 1265 3080 Ipse
1279 3014 1374 3082 recepit

374 3098 502 3150 lectionem
519 3098 626 3148 Pitboei:

484 3195 520 3242 Et
534 3191 636 3242 derisuri
652 3193 700 3241 nors
718 3193 846 3260 spectaturi
860 3191 950 3242 sedent.

403 3289 425 3337 ⁵.
444 3291 505 3340 Cum
519 3292 656 3339 Burmeuno
673 3287 823 3351 Schwabiuu
836 3288 974 3357 degrunnit

401 3396 425 3443 6.
445 3393 550 3445 Pitboeus
563 3393 640 3455 bene,
657 3394 774 3444 nauticus.
783 3422 816 3431 —
831 3414 853 3457 7.
867 3398 942 3445 Recte
956 3395 1080 3457 Pithoeus,
1098 3395 1140 3444 ru‘l.

402 3501 425 3549 8.
441 3500 487 3550 Hic
507 3500 579 3550 unius
602 3499 702 3551 minute
719 3500 788 3554 unes
808 3509 946 3550 transverse
963 3499 990 3552 in
1009 3499 1088 3552 littera
1108 3518 1123 3552 u
1141 3501 1206 3552 vocis
1226 3513 1373 3570 conpererat

365 3590 428 3657 (pro
440 3591 615 3661 conpererant)
628 3593 725 3646 omissio
738 3593 791 3644 lons
807 3609 917 3645 errorum
933 3593 994 3654 lnit;
1014 3593 1104 3660 visque
1119 3593 1218 3645 tandem
1236 3595 1369 3646 multorum

364 3683 501 3734 criticorum
509 3684 666 3746 successione,
676 3684 749 3735 variis
758 3685 903 3751 conjecturis
913 3694 938 3735 et
949 3685 1076 3736 conatibus
1088 3693 1124 3735 est
1135 3686 1253 3753 supplete.
1262 3685 1371 3738 Pitboeus

365 3783 419 3841 post
432 3774 497 3825 hune
510 3792 618 3837 versum,
632 3777 705 3828 elium
717 3776 870 3844 deperditum
881 3776 999 3828 asteriscis
1011 3785 1151 3835 nubserat,
1167 3793 1239 3843 quem
1254 3776 1370 3829 audacior

365 3866 497 3917 Brotierius
508 3867 560 3934 ipse
572 3868 706 3934 composuit
719 3878 744 3918 et
754 3868 780 3920 in
788 3877 927 3922 contextum
938 3868 1079 3920 introduxit.
1092 3868 1142 3922 Alii
1153 3879 1236 3920 centn
1245 3868 1361 3930 editores,

365 3956 426 4007 duca
436 3957 539 4019 Ursino,
557 3957 650 4009 Pbadri
663 3975 756 4011 versum
768 3960 926 4027 abjecerunt:
941 3961 1028 4013 rectius
1044 3960 1181 4028 parenthesi
1194 3977 1248 4014 cum
1262 3961 1363 4014 dimidiu
