3144 5218
340 671 484 719 annoni
502 669 721 718 rarunanunr
740 671 807 718 ran.
825 671 878 733 ir,
896 669 973 716 rau.
991 644 1048 717 30.
1138 642 1209 738 239

215 1183 259 1250 Et
281 1177 489 1249 vindicabit²
514 1204 582 1249 sese
607 1179 687 1249 sorti
713 1179 860 1250 dextera.

214 1297 365 1364 Latrone
387 1295 518 1383 occiso,
540 1293 679 1364 timidus
701 1295 848 1365 accurrit
868 1317 998 1374 comes,

213 1418 421 1535 Stringitque
440 1417 611 1514 gladium,
632 1415 777 1488 deinde³
800 1417 922 1512 rejecta
943 1409 1115 1510 penulat:

215 1540 328 1626 Cedo,
350 1541 479 1634 iuquit,
496 1539 611 1626 illum,
631 1540 701 1634 jam
720 1539 847 1639 curabo
866 1539 987 1608 sentiat

215 1663 312 1750 Quos
329 1649 558 1734 adtemtarit5.
583 1665 682 1731 Tunc
700 1664 759 1756 qui
779 1662 1052 1757 depugnaverat:

214 1784 347 1857 Vellem
370 1787 443 1856 istis
465 1788 575 1857 verbis
593 1785 712 1856 saltem
737 1786 919 1880 adjuvisses
940 1785 1067 1872 modo,

214 1911 433 1981 Constantior
456 1910 612 1997 fuissem,
635 1933 713 1979 vera
734 1909 937 1978 existimans.

212 2037 313 2104 Nunc
333 2033 441 2103 conde
461 2033 587 2104 ferrum
607 2048 640 2104 et
659 2033 810 2129 linguam
828 2034 955 2126 pariter
977 2032 1073 2103 sutile
1085 2027 1124 2120 θ,

213 2167 261 2235 Ut
281 2164 387 2260 possis
409 2164 493 2236 alios
518 2168 714 2262 ignorantes
735 2163 861 2236 fallere.

212 2289 285 2381 Ego
305 2289 365 2381 qui
383 2313 456 2357 sum
475 2304 632 2385 expertus
653 2289 788 2386 quantis
811 2287 919 2382 fugias
939 2288 1091 2372 viribuS‚

214 2411 291 2480 Scio
313 2409 420 2505 quid?
447 2411 563 2479 virtuti
584 2435 654 2480 non
678 2410 722 2478 sit
742 2409 948 2479 credendum
969 2425 1045 2479 tuae.

262 2534 316 2605 Illi
333 2537 505 2633 'adsignari
528 2538 629 2607 debet
647 2537 718 2606 haec
736 2539 908 2625 narratio,

218 2660 288 2750 Qui
305 2686 343 2730 re
361 2661 507 2732 secunda
524 2661 621 2731 fortis
640 2675 713 2748 est,
735 2659 838 2730 dubia
856 2661 969 2758 fugax.

251 2889 271 2922 ι.
288 2870 387 2922 Initium
404 2871 476 2939 hujus
489 2872 576 2924 sabulo
592 2872 668 2926 dedit.
677 2874 714 2926 Cl.
730 2873 846 2925 Schwabe
859 2889 873 2924 e
888 2873 953 2936 Cod„
961 2877 1017 2925 Per.
1033 2871 1071 2924 hia
1082 2873 1179 2928 verbis:

485 3021 557 3067 VIA
567 3019 698 3068 rom
720 3021 775 3067 M
797 3020 849 3067 LA
860 3019 944 3070 Tuo.

282 3165 338 3210 Duo
353 3177 405 3210 eum
417 3160 553 3212 incidissent
570 3163 595 3212 in
612 3167 739 3216 Latronem
751 3163 850 3224 militas,

285 3256 351 3302 Unus
361 3252 489 3322 profugit,
507 3253 568 3304 ulter
587 3265 664 3314 autem
682 3256 772 3307 restitit.

251 3384 275 3416 a.
286 3371 333 3416 Pro
346 3364 482 3416 vindicavit.
490 3393 524 3404 --
537 3368 562 3416 3.
573 3371 649 3418 Recte
661 3367 783 3429 rithmus,
798 3367 860 3417 dein.
869 3396 903 3405 -
918 3377 942 3425 4.
955 3367 995 3418 Sic
1002 3401 1010 3425 ,
1021 3383 1066 3434 pro
1073 3366 1178 3435 paruula.

253 3471 275 3519 5.
291 3470 339 3520 sio.
355 3498 388 3508 -
404 3472 429 3521 6.
445 3474 493 3538 Pro
502 3469 607 3533 futilem.
623 3499 657 3508 —
675 3489 698 3536 7.
715 3471 1081 3541 Pithoeusquodffiehwabiua,
1093 3471 1131 3524 vir
1144 3488 1212 3524 sutu-

219 3578 287 3620 tnua,
307 3571 362 3632 post
374 3563 524 3616 Gronovium
542 3572 567 3615 et
584 3562 657 3626 alios,
674 3581 752 3633 quam.
1205 3563 1212 3574 '

641 3874 803 4044 {aaa
