3140 5212
440 675 652 722 vitreus
681 672 921 748 Locrtottts.
1110 667 1173 741 107

386 802 529 874 Myronem
554 813 664 873 argento
678 822 686 857 :
702 803 765 876 pius
840 803 887 853 Aa
904 795 961 853 lieu
978 797 1015 851 de
1029 813 1060 852 ce
1073 814 1140 852 vers
1155 797 1179 851 il

428 884 539 936 vetustis
550 899 612 936 nam
625 882 695 936 iavet
794 897 852 950 yn
870 878 946 932 dans
959 887 1041 934 notre
1054 895 1174 931 monus-

799 958 883 1012 crit.:
906 955 1011 1012 Detrito
1036 974 1176 1029 myronem

799 1047 910 1108 argento
923 1035 1020 1090 inbuite
1030 1035 1178 1091 exaudient

800 1117 868 1170 adeo
884 1116 980 1186 fugate
993 1116 1056 1188 pius
1066 1117 1177 1170 vetustis

801 1194 871 1250 iavet
880 1197 981 1250 invidia
995 1208 1046 1250 etc.

506 1319 513 1332 .
526 1321 533 1334 .
546 1277 677 1352 ,exempli
691 1277 765 1332 seror

839 1423 907 1487 *Le
921 1432 1006 1488 titre:
1023 1435 1177 1488 Demetrius

392 1516 546 1572 Demetrius
552 1556 637 1572 .....
798 1512 1141 1569 rexetMenenderPoeta.

439 1595 593 1649 Demetrius
610 1597 658 1666 qui
673 1595 764 1648 dictus
797 1594 951 1648 Demetrius
964 1611 1010 1646 rex
1028 1594 1076 1664 qui
1089 1593 1178 1648 dictus

473 1685 513 1728 “t
799 1725 848 1769 est.
860 1717 918 1769 Rex
929 1727 958 1770 et
971 1727 1012 1770 est
1022 1726 1178 1790 rompono·

839 1841 900 1894 tude
912 1857 1021 1894 comme
1028 1838 1136 1908 santes.

388 1931 473 1974 ruunt
801 1915 859 1972 ruit

388 1998 557 2053 subclamant
799 1997 966 2052 succlamant

389 2078 524 2151 principes
799 2078 930 2150 principis

390 2175 425 2211 ne
800 2173 829 2208 m

388 2238 466 2308 queis
801 2237 865 2306 quit

385 2316 508 2369 adfluens
799 2314 915 2368 effluens

386 2393 565 2448 Effeminatus
589 2394 657 2466 quid
678 2393 723 2446 hic
798 2394 930 2458 Quisnam
940 2393 1053 2448 cinedtrs
1065 2391 1111 2449 itte

389 2474 624 2527 *mutetusstatim
840 2474 854 2500 *
869 2470 1104 2544 Aprdscesmots
1115 2489 1178 2526 mu-

802 2561 872 2605 tatus
882 2552 988 2617 statim,
998 2552 1056 2606 suit
1065 2551 1178 2607 damn

803 2627 1179 2705 memele'gneEtvindieebit,

802 2709 853 2782 qui
869 2720 913 2765 est
930 2713 957 2765 Ie
970 2709 1003 2766 6ε
1017 2729 1084 2767 vers
1097 2710 1134 2764 de
1147 2713 1178 2764 la

793 2787 1027 2860 sablesuivante.
1046 2793 1103 2846 Les
1113 2790 1177 2864 cinq

798 2868 938 2942 premr'ers
946 2889 1013 2926 vers
1024 2881 1180 2944 manquent

802 2949 877 3004 dans
886 2960 967 3004 notre
980 2950 1045 3005 MS.

393 3031 428 3081 Et
444 3029 588 3084 vindicavit
802 3032 837 3083 Et
850 3028 998 3084 vindicabit

392 3108 462 3162 Dein
475 3107 572 3179 rejecta
803 3108 909 3163 Deinde
922 3108 1020 3180 rejecta

391 3189 529 3242 attentarit
803 3188 950 3242 adtenterit

388 3265 467 3335 quod
804 3267 872 3339 quid

320 3399 322 3406 ,
388 3345 541 3416 opprimere
802 3363 961 3419 oppremere

392 3423 509 3478 irridens
803 3425 924 3479 inridens

390 3503 438 3573 qui
450 3503 586 3556 addideris
804 3506 868 3575 quie
881 3504 990 3560 dederis

390 3582 546 3652 improbum
805 3584 955 3656 inprobum
981 3635 982 3640 ,

391 3673 580 3730 argumentum
804 3674 964 3732 argumento

394 3740 498 3794 veniam
511 3757 585 3810 mage
600 3739 658 3793 dari
807 3743 911 3796 venium
927 3741 985 3796 dori

390 3821 485 3890 quavis
807 3823 930 3892 quamvis

392 3900 483 3954 Homo
499 3911 526 3954 et
534 3902 633 3954 Asinus
807 3903 882 3956 Asini
896 3914 922 3956 et
938 3901 1051 3956 Porceiii

393 3997 455 4033 oum
808 3999 895 4052 quum

393 4060 438 4114 cui
810 4063 858 4131 qui
