3200 5214
619 627 834 692 minen.
1182 619 1226 716 37

294 767 422 853 Enfin,
453 768 484 840 la
520 767 705 840 meilleure
736 766 894 841 maniere
923 765 969 840 de
1000 783 1164 842 montier
1197 769 1230 844 la

240 891 372 966 beaute
389 891 434 963 de
457 916 523 962 son
540 916 639 979 ame,
661 889 861 964 l’ilivation
878 891 923 962 de
941 915 999 962 ses
1018 892 1230 966 sentiments

240 1033 275 1089 et
297 1017 331 1088 la
349 1017 502 1111 justesse
520 1016 566 1090 de
585 1041 640 1089 ses
654 1042 761 1106 mes,
785 1031 838 1090 est
856 1015 902 1092 de
916 1017 1006 1090 citer
1023 1017 1057 1088 le
1078 1021 1231 1114 portrait

239 1140 326 1236 qu'il
345 1141 386 1212 fit
399 1140 444 1212 de
458 1139 669 1224 lui-mime,
688 1139 768 1213 huit
785 1163 850 1212 aus
870 1151 976 1214 avant
993 1163 1030 1212 sa
1050 1155 1169 1226 mort,
1195 1156 1231 1212 et

237 1289 309 1361 que
319 1289 375 1338 ses
389 1265 683 1362 contemporains
696 1262 910 1338 trouvioent
924 1263 1024 1360 plein
1038 1261 1085 1336 de
1099 1265 1229 1336 virite‘:

286 1474 366 1538 «In
386 1473 533 1537 nomine
554 1469 726 1547 Domini,
749 1469 877 1534 Amen.

288 1663 304 1696 «
323 1631 486 1705 Moribus
512 1632 625 1704 valde
648 1637 824 1728 corruptis
851 1655 896 1704 ae
919 1638 1062 1728 pravis,
1095 1631 1231 1706 seculo

239 1757 503 1849 infidelissima,
524 1762 753 1854 quantumin
770 1757 913 1846 mesnil
924 1753 1066 1846 ,fidem
1080 1762 1229 1826 servavi.

208 1884 210 1888 ”
238 1884 386 1954 Amicos
403 1907 452 1953 en
468 1888 591 1952 animo
612 1879 709 1952 colai
725 1895 760 1950 et
777 1885 902 1954 amavi.
928 1883 1100 1952 inimicos
1125 1879 1230 1954 bene·

225 2005 340 2092 *facab*
353 2009 515 2089 vincere,
539 2020 606 2076 ant
620 2019 867 2087 contemnere,
888 2028 1001 2102 qaam
1019 2001 1144 2074 alcisci
1158 2029 1230 2074 ma·

238 2126 299 2198 lui.
328 2130 525 2224 Conjagem
543 2144 581 2198 m
601 2154 655 2198 me
671 2135 783 2224 i'psum
799 2127 922 2201 habai.
944 2127 1082 2200 Liberis
1099 2152 1230 2225 param

238 2248 387 2351 indulsi„
399 2250 558 2338 famulis
577 2267 615 2323 nt
629 2250 835 2325 hominibus
854 2276 939 2324 usus
951 2275 1042 2322 sum.
1072 2255 1168 2322 Vitia
1182 2255 1232 2322 sic

240 2369 321 2456 adi,
347 2377 458 2443 etiam
490 2377 528 2440 in
559 2378 664 2456 meis,
695 2387 738 2444 at
753 2377 900 2444 virtutes
927 2379 965 2444 in
994 2378 1150 2442 externis
1173 2374 1236 2444 vel

237 2492 399 2564 hostibus
415 2510 608 2568 veneratus
623 2498 701 2564 sim.
725 2498 879 2568 Privata
896 2500 948 2564 rei
964 2493 1147 2566 servanda
1157 2517 1230 2592 po·

238 2623 308 2688 tius
321 2642 433 2713 quam
451 2617 632 2712 augenda
645 2643 796 2715 operam
813 2618 905 2691 dedi.
928 2617 1042 2710 Quod
1049 2617 1235 2713 ,milzifieri

236 2737 358 2824 nolui,
385 2740 495 2812 alteri
514 2746 581 2818 vix
601 2766 765 2838 unquam
779 2743 880 2834 feei,
908 2757 977 2816 aui
988 2743 1082 2837 fieri
1098 2767 1231 2838 passus

235 2889 327 2934 sum.
350 2867 526 2959 anastam
541 2883 605 2938 aat
617 2865 801 2964 difficilem
813 2871 987 2962 gratiam,
1009 2881 1048 2938 ut
1063 2865 1229 2941 venalem

235 2993 359 3082 sprevi.
380 2989 511 3062 Sordes
529 3005 565 3060 et
579 2995 768 3060 avaritiam
784 2996 822 3060 in
840 2990 1024 3076 omnibus,
1047 2997 1230 3087 praar'lna

236 3117 380 3182 veroin
401 3112 583 3215 religionis
600 3138 646 3188 ac
662 3114 818 3207 justitia
835 3112 1083 3187 sacerdotibus
1110 3128 1147 3186 et
1168 3118 1228 3182 mi-

235 3238 352 3304 nistris
374 3252 581 3310 exsecratus
601 3261 689 3308 sam.
711 3242 817 3320 Puer,
834 3239 997 3330 juvenili,
1018 3242 1088 3322 vir,
1107 3259 1228 3308 senec·

237 3363 304 3432 caii
326 3355 482 3433 maltam
507 3359 626 3434 detuli.
657 3365 824 3432 Patriam
848 3365 950 3434 anioe
977 3357 1098 3432 dilexi.
1130 3363 1230 3456 Opas

222 3559 225 3564 ,
232 3487 356 3582 patim
373 3509 487 3578 qaam
504 3482 659 3555 honores
672 3498 739 3556 aut
754 3487 1001 3573 magistratum
1021 3487 1162 3569 amavi;
1185 3507 1229 3552 aa

228 3605 406 3706 prodesse
427 3632 539 3703 qnam
553 3630 709 3703 praesse
729 3604 852 3678 malai.
872 3611 1036 3682 Privatus
1053 3607 1146 3676 ultro
1159 3631 1229 3703 pu·

238 3730 330 3803 blico
345 3729 469 3802 studui
484 3755 494 3797 .·
516 3735 551 3799 ei
565 3727 837 3826 nihilprcetali,
862 3743 971 3826 atque
985 3733 1023 3801 in
1041 3753 1229 3803 commune

237 3853 422 3926 consulere
431 3857 560 3950 polias
574 3857 753 3948 tutiusque
771 3876 912 3949 semper
924 3857 1134 3926 exntimavi.
1152 3855 1228 3924 Sta-

238 3997 313 4051 mm
322 3978 508 4078 publicam
524 3976 752 4048 laborantem
761 3977 961 4072 prudenter
975 3983 1102 4048 sanari
1111 4001 1229 4050 emen-
